% Encoding: UTF-8
%%% 1.  Introduction

@article{la2012soap,
  title={{Soap Operas and Fertility: Evidence from Brazil}},
  author={La Ferrara, Eliana and Chong, Alberto and Duryea, Suzanne},
  journal={American Economic Journal: Applied Economics},
  volume={4},
  number={4},
  pages={1--31},
  year={2012}
}

@unpublished{laFerraraAspirations,
title= {{Aspirations, Social Norms and Development}},
author = {La Ferrara, Eliana},
year = {2018},
note= {European Economic Association Presidential Address - Cologne},
}

@article{rabin1998psychology,
  title={{Psychology and Economics}},
  author={Rabin, Matthew},
  journal={Journal of Economic Literature},
  volume={36},
  number={1},
  pages={11--46},
  year={1998},
  publisher={JSTOR}
}

@phdthesis{schilbach2015essays,
  title={{Essays in Development and Behavioral Economics}},
  author={Schilbach, Frank N.},
  address = {Harvard University},
  year={2015}
}

@article{Karing2018,
  title={{Social Signaling and Childhood Immunization: A Field Experiment in Sierra Leone}},
  author={Karing, Anne},
  year={2018},
  journal={Innovations for Poverty Action (IPA) Working Paper}
}

@Book{world2015world,
  title     = {{World Development Report 2015: Mind, Society, and Behavior}},
  publisher = {World Bank Group},
  year      = {2015},
  author    = {{World Bank}},
}

@article{ludwig2011mechanism,
  title={{Mechanism Experiments and Policy Evaluations}},
  author={Ludwig, Jens and Kling, Jeffrey R. and Mullainathan, Sendhil},
  journal={Journal of Economic Perspectives},
  volume={25},
  number={3},
  pages={17--38},
  year={2011}
}

@article{duflo2008difu,
  title={{Technology Diffusion and Appropriate Use: Evidence from Western Kenya}},
  author={Duflo, Esther and Kremer, Michael and Robinson, Jonathan and Schilbach, Frank},
  year={2018},
  journal = {mimeo}
}

@article{viscusi1990smokers,
  title={{Do Smokers Underestimate Risks?}},
  author={Viscusi, W. Kip},
  journal={Journal of Political Economy},
  volume={98},
  number={6},
  pages={1253--1269},
  year={1990},
  publisher={The University of Chicago Press}
}

@article{anglewicz2009overestimating,
  title={{Overestimating HIV Infection: The Construction and Accuracy of Subjective Probabilities of HIV Infection in Rural Malawi}},
  author={Anglewicz, Philip and Kohler, Hans-Peter},
  journal={Demographic Research},
  volume={20},
  number={6},
  pages={65--96},
  year={2009},
  publisher={NIH Public Access}
}

@article{datta2014behavioral,
  title={{Behavioral Design: A New Approach to Development Policy}},
  author={Datta, Saugato and Mullainathan, Sendhil},
  journal={Review of Income and Wealth},
  volume={60},
  number={1},
  pages={7--35},
  year={2014},
  publisher={Wiley Online Library}
}

@book{marx1967communist,
  title={{The Communist Manifesto}},
  author={Marx, Karl and Engels, Friedrich},
  translator = {Samuel Moore},
  publisher = {Penguin Publishers},
  address = {London},
   year={1848}
}

@article{gneezy2009gender,
  title={{Gender Differences in Competition: Evidence from a Matrilineal and a Patriarchal Society}},
  author={Gneezy, Uri and Leonard, Kenneth L. and List, John A.},
  journal={Econometrica},
  volume={77},
  number={5},
  pages={1637--1664},
  year={2009},
  publisher={Wiley Online Library}
}

@article{rosenzweig2014rainfall,
  title={{Rainfall Forecasts, Weather, and Wages Over the Agricultural Production Cycle}},
  author={Rosenzweig, Mark R. and Udry, Christopher},
  journal={American Economic Review},
  volume={104},
  number={5},
  pages={278--283},
  year={2014}
}

@article{kremer2011spring,
  title={{Spring Cleaning: Rural Water Impacts, Valuation, and Property Rights Institutions}},
  author={Kremer, Michael and Leino, Jessica and Miguel, Edward and Zwane, Alix Peterson},
  journal={Quarterly Journal of Economics},
  volume={126},
  number={1},
  pages={145--205},
  year={2011},
  publisher={MIT Press}
}

@article{ashraf2005adam,
  title={{Adam Smith, Behavioral Economist}},
  author={Ashraf, Nava and Camerer, Colin F. and Loewenstein, George},
  journal={Journal of Economic Perspectives},
  volume={19},
  number={3},
  pages={131--145},
  year={2005}
}

@book{19052010,
  author={Weber, Max},
  title={{The Protestant Ethic and the Spirit of Capitalism}},
  year={1905}
}

@book{mcclelland1961achievement,
  title={{The Achievement Society}},
  author={McClelland, David C.},
  address = {Princeton, NJ},
  publisher = {D. Von Nostrand},
  year={1961}
}

@incollection{inkeles1974becoming,
  title={{Becoming Modem}},
  author={Inkeles, Alex and Smith, David H.},
  booktitle={Development and Underdevelopment: The Political Economy of Global Inequality},
  editor = {Seligson, Mitchell A. and Passe-Smith, John T.},
  address = {Boulder, CO},
  publisher = {Lynne Rienner Publishers},
  year={1998}
}

@book{schultz1964transforming,
  title={{Transforming Traditional Agriculture (Studies in Comparative Economics 3)}},
  author={Schultz, Theodore W.},
  publisher = {Yale University Press},
  address = {New Haven},
  year={1964}
}

@article{dellavigna2009psychology,
  title={{Psychology and Economics: Evidence from the Field}},
  author={DellaVigna, Stefano},
  journal={Journal of Economic Literature},
  volume={47},
  number={2},
  pages={315--372},
  year={2009}
}

@article{dellavigna2018structural,
  title={{Structural Behavioral Economics}},
  author={DellaVigna, Stefano},
  journal={NBER Working Paper No.\ 24797},
  year={2018}
}

@inbook{bernheim2018behavioral,
  title={{Behavioral Public Economics}},
  author={Bernheim, B. Douglas and Taubinsky, Dmitry},
  series={Handbook of Behavioral Economics},
  year={2018},
}

@article{andersen2008eliciting,
  title={{Eliciting Risk and Time Preferences}},
  author={Andersen, Steffen and Harrison, Glenn W. and Lau, Morten I. and Rutstr{\"o}m, E. Elisabet},
  journal={Econometrica},
  volume={76},
  number={3},
  pages={583--618},
  year={2008},
  publisher={Wiley Online Library}
}

@article{dohmen2018patience,
  title={{Patience and Comparative Development}},
  author={Dohmen, Thomas and Enke, Benjamin and Falk, Armin and Huffman, David and Sunde, Uwe},
  journal={mimeo},
  year={2018}
}

@article{augenblick2018short,
  title={{Short-Term Time Discounting in Unpleasant Tasks}},
  author={Augenblick, Ned},
  journal={mimeo},
  year={2018}
}

@article{andreoni2015measuring,
  title={{Measuring Time Preferences: A Comparison of Experimental Methods}},
  author={Andreoni, James and Kuhn, Michael A. and Sprenger, Charles},
  journal={Journal of Economic Behavior \& Organization},
  volume={116},
  pages={451--464},
  year={2015},
  publisher={Elsevier}
}

@article{meager2018understanding,
  title={{Understanding the Average Impact of Microcredit Expansions: A Bayesian Hierarchical Analysis of Seven Randomized Experiments}},
  author={Meager, Rachael},
  journal={American Economic Journal: Applied Economics (forthcoming)},
  year={2019},
  publisher={American Economics Association}
}

@incollection{banerjee2005growth,
  title={{Growth Theory Through the Lens of Development Economics}},
  author={Banerjee, Abhijit V. and Duflo, Esther},
  booktitle = {Handbook of Economic Growth},
  volume={1},
  editors = {Aghion, Philippe And Durlauf, Steven N.},
  pages={473--552},
  year={2005},
  address = {Amsterdam},
  publisher={Elsevier}
}
@article{de2008capital,
    title={{Returns to Capital in Micro Enterprises: Evidence from a Field Experiment}},
    author={de Mel, Suresh and McKenzie, David and Woodruff, Christopher},
    journal={Quarterly Journal of Economics},
    volume={123},
    number={4},
    pages={1329--1372},
    year={2008}
}

@article{banerjee2014firms,
  title={{Do Firms Want to Borrow More? Testing Credit Constraints Using a Directed Lending Program}},
  author={Banerjee, Abhijit V. and Duflo, Esther},
  journal={Review of Economic Studies},
  volume={81},
  number={2},
  pages={572--607},
  year={2014},
  publisher={Oxford University Press}
}

@article{de2009women,
  title={{Are Women More Credit Constrained? Experimental Evidence on Gender and Microenterprise Returns}},
  author={de Mel, Suresh and McKenzie, David and Woodruff, Christopher},
  journal={American Economic Journal: Applied Economics},
  volume={1},
  number={3},
  pages={1--32},
  year={2009}
}

@article{kremer2013behavioral,
  title={{Behavioral Biases and Firm Behavior: Evidence from Kenyan Retail Shops}},
  author={Kremer, Michael and Lee, Jean and Robinson, Jonathan and Rostapshova, Olga},
  journal={American Economic Review},
  volume={103},
  number={3},
  pages={362--368},
  year={2013}
}

@article{duflo2008high,
  title={{How High Are Rates of Return to Fertilizer? Evidence from Field Experiments in Kenya}},
  author={Duflo, Esther and Kremer, Michael and Robinson, Jonathan},
  journal={American Economic Review},
  volume={98},
  number={2},
  pages={482--488},
  year={2008}
}

@article{aleem1990imperfect,
  title={{Imperfect Information, Screening, and the Costs of Informal Lending: A Study of a Rural Credit Market in Pakistan}},
  author={Aleem, Irfan},
  journal={World Bank Economic Review},
  volume={4},
  number={3},
  pages={329--349},
  year={1990},
  publisher={Oxford University Press}
}

@article{fafchamps2000ethnicity,
  title={{Ethnicity and Credit in African Manufacturing}},
  author={Fafchamps, Marcel},
  journal={Journal of Development Economics},
  volume={61},
  number={1},
  pages={205--235},
  year={2000},
  publisher={Elsevier}
}

@article{karlan2018debt,
  title={{Debt Traps? Market Vendors and Moneylender Debt in India and the Philippines}},
  author={Karlan, Dean and Mullainathan, Sendhil and Roth, Benjamin N.},
  year={2018},
  journal={NBER Working Paper No.\ 24272}
}

@article{jakiela2015does,
  title={{Does Africa Need a Rotten Kin Theorem? Experimental Evidence from Village Economies}},
  author={Jakiela, Pamela and Ozier, Owen},
  journal={Review of Economic Studies},
  volume={83},
  number={1},
  pages={231--268},
  year={2015},
  publisher={Oxford University Press}
}

@article{hall2009reconciling,
  title={{Reconciling Cyclical Movements in the Marginal Value of Time and the Marginal Product of Labor}},
  author={Hall, Robert E.},
  journal={Journal of Political Economy},
  volume={117},
  number={2},
  pages={281--323},
  year={2009},
  publisher={The University of Chicago Press}
}

@incollection{hall2016macroeconomics,
  title={{Macroeconomics of Persistent Slumps}},
  author={Hall, Robert E.},
  editor = {Taylor, John B. and Uhlig, Harald},
  booktitle={Handbook of Macroeconomics},
  volume={2},
  pages={2131--2181},
  year={2016},
  address = {Amsterdam},
  publisher={Elsevier}
}


@book{morduch2009portfolios,
  title={{Portfolios of the Poor: How the World's Poor Live on \$ 2 a Day}},
  author={Morduch, Jonathan and Rutherford, Stuart and Ruthven, Orlanda and Collins, Daryl},
  year={2009},
  address = {Princeton, NJ},
  publisher={Princeton University Press}
}

@article{anagol2017continued,
  title={{Continued Existence of Cows Disproves Central Tenets of Capitalism?}},
  author={Anagol, Santosh and Etang, Alvin and Karlan, Dean},
  journal={Economic Development and Cultural Change},
  volume={65},
  number={4},
  pages={583--618},
  year={2017},
  publisher={University of Chicago Press Chicago, IL}
}

@Article{Havranek2015,
  author    = {Havr{\'a}nek, Tom{\'a}{\v{s}}},
  title     = {{Measuring Intertemporal Substitution: The Importance of Method Choices and Selective Reporting}},
  journal   = {Journal of the European Economic Association},
  year      = {2015},
  volume    = {13},
  number    = {6},
  pages     = {1180--1204},
  publisher = {Oxford University Press},
}

@article{bandiera2017labor,
  title={{Labor Markets and Poverty in Village Economies}},
  author={Bandiera, Oriana and Burgess, Robin and Das, Narayan and Gulesci, Selim and Rasul, Imran and Sulaiman, Munshi},
  journal={Quarterly Journal of Economics},
  volume={132},
  number={2},
  pages={811--870},
  year={2017},
  publisher={Oxford University Press}
}

@article{beaman2014minding,
  title={{Minding Small Change Among Small Firms in Kenya}},
  author={Beaman, Lori and Magruder, Jeremy and Robinson, Jonathan},
  journal={Journal of Development Economics},
  volume={108},
  pages={69--86},
  year={2014},
  publisher={Elsevier}
}



@article{deaton1991saving,
  title={{Saving and Liquidity Constraints}},
  author={Deaton, Angus S.},
  journal={Ecomometrica},
  volume={59},
  number={5},
  pages={221--248},
  year={1991}
}

@article{carroll1997buffer,
  title={{Buffer-Stock Saving and the Life Cycle/Permanent Income Hypothesis}},
  author={Carroll, Christopher D.},
  journal={Quarterly Journal of Economics},
  volume={112},
  number={1},
  pages={1--55},
  year={1997},
  publisher={MIT Press}
}

@article{townsend1995consumption,
  title={{Consumption Insurance: An Evaluation of Risk-Bearing Systems in Low-Income Economies}},
  author={Townsend, Robert M.},
  journal={Journal of Economic Perspectives},
  volume={9},
  number={3},
  pages={83--102},
  year={1995}
}

@article{jalan1999poor,
  title={{Are the Poor Less Well Insured? Evidence on Vulnerability to Income Risk in Rural China}},
  author={Jalan, Jyotsna and Ravallion, Martin},
  journal={Journal of Development Economics},
  volume={58},
  number={1},
  pages={61--81},
  year={1999},
  publisher={Elsevier}
}

@article{kazianga2006consumption,
  title={{Consumption Smoothing? Livestock, Insurance and Drought in Rural Burkina Faso}},
  author={Kazianga, Harounan and Udry, Christopher},
  journal={Journal of Development Economics},
  volume={79},
  number={2},
  pages={413--446},
  year={2006},
  publisher={Elsevier}
}

@article{mani2013poverty,
  title={{Poverty Impedes Cognitive Function}},
  author={Mani, Anandi and Mullainathan, Sendhil and Shafir, Eldar and Zhao, Jiaying},
  journal={Science},
  volume={341},
  number={6149},
  pages={976--980},
  year={2013},
  publisher={American Association for the Advancement of Science}
}

@article{kaminski2014end,
  title={{The End of Seasonality? New Insights from Sub-Saharan Africa}},
  journal = {World Bank Policy Research Working Paper No.\ 6907},
  author={Kaminski, Jonathan and Christiaensen, Luc and Gilbert, Christopher L.},
  year={2014},
  publisher={The World Bank}
}

@article{basu2015evaluating,
  title={{Evaluating Seasonal Food Storage and Credit Programs in East Indonesia}},
  author={Basu, Karna and Wong, Maisy},
  journal={Journal of Development Economics},
  volume={115},
  pages={200--216},
  year={2015},
  publisher={Elsevier}
}

@article{shapiro2005there,
  title={{Is There a Daily Discount Rate? Evidence From the Food Stamp Nutrition Cycle}},
  author={Shapiro, Jesse M.},
  journal={Journal of Public Economics},
  volume={89},
  number={2-3},
  pages={303--325},
  year={2005},
  publisher={Elsevier}
}

@article{stephens20033rd,
  title={{`3rd of Tha Month': Do Social Security Recipients Smooth Consumption Between Checks?}},
  author={Stephens, Jr., Melvin},
  journal={American Economic Review},
  volume={93},
  number={1},
  pages={406--422},
  year={2003}
}

@article{burke2018sell,
  title={{Sell Low and Buy High: Arbitrage and Local Price Effects in Kenyan Markets}},
  author={Burke, Marshall and Bergquist, Lauren Falcao and Miguel, Edward},
  year={2018},
  journal={NBER Working Paper No.\ 24476}
}

@article{laibson1997golden,
  title={{Golden Eggs and Hyperbolic Discounting}},
  author={Laibson, David},
  journal={Quarterly Journal of Economics},
  volume={112},
  number={2},
  pages={443--478},
  year={1997},
  publisher={MIT Press}
}
    

@article{harris2001dynamic,
  title={{Dynamic Choices of Hyperbolic Consumers}},
  author={Harris, Christopher and Laibson, David},
  journal={Econometrica},
  volume={69},
  number={4},
  pages={935--957},
  year={2001},
  publisher={Wiley Online Library}
}

@article{dean2014credit,
  title={{Credit Constraints and the Measurement of Time Preferences}},
  author={Dean, Mark and Sautmann, Anja},
  year={2014},
  journal = {mimeo}
}

@article{cassidy2018poor,
  title={{Are the Poor So Present-Biased?}},
  author={Cassidy, Rachel},
  year={2018},
  journal={Institute for Fiscal Studies Working Paper No.\ 18/24}
}

@article{augenblick2015experiment,
  title={{An Experiment on Time Preference and Misprediction in Unpleasant Tasks}},
  author={Augenblick, Ned and Rabin, Matthew},
  journal={Review of Economic Studies, forthcoming},
  year={2018},
  volume={},
    number={},
    pages={rdy019},
    doi={10.1093/restud/rdy019},
    URL={http://dx.doi.org/10.1093/restud/rdy019},
    eprint={/oup/backfile/content_public/journal/restud/pap/10.1093_restud_rdy019/3/rdy019.pdf}
}

@article{angeletos2001hyperbolic,
  title={{The Hyperbolic Consumption Model: Calibration, Simulation, and Empirical Evaluation}},
  author={Angeletos, George-Marios and Laibson, David and Repetto, Andrea and Tobacman, Jeremy and Weinberg, Stephen},
  journal={Journal of Economic Perspectives},
  volume={15},
  number={3},
  pages={47--68},
  year={2001}
}

@article{jappelli2010consumption,
  title={{The Consumption Response to Income Changes}},
  author={Jappelli, Tullio and Pistaferri, Luigi},
  year={2010},
  journal={Annual Review of Economics},
  volume={2},
  pages={479--506}
}

@article{laibson2007estimating,
  title={{Estimating Discount Functions with Consumption Choices over the Lifecycle}},
  author={Laibson, David and Repetto, Andrea and Tobacman, Jeremy},
  year={2007},
  journal={NBER Working Paper No.\ 13314}
}

@article{banerjee2015microcred,
    title={{Six Randomized Evaluations of Microcredit: Introduction and Further Steps}},
    author={Banerjee, Abhijit and Karlan, Dean and Zinman, Jonathan},
    journal={American Economic Journal: Applied Economics},
    volume={7},
    number={1},
    pages={1--21},
    year={2015}
    }
@article{banerjee2010shape,
  title={{The Shape of Temptation: Implications for the Economic Lives of the Poor}},
  author={Banerjee, Abhijit and Mullainathan, Sendhil},
  year={2010},
  journal={NBER Working Paper No.\ 15973}
}

@article{karlan2014agricultural,
  title={{Agricultural Decisions after Relaxing Credit and Risk Constraints}},
  author={Karlan, Dean and Osei, Robert and Osei-Akoto, Isaac and Udry, Christopher},
  journal={Quarterly Journal of Economics},
  volume={129},
  number={2},
  pages={597--652},
  year={2014},
  publisher={MIT Press}
}

@article{o1999doing,
  title={{Doing It Now or Later}},
  author={O'Donoghue, Ted and Rabin, Matthew},
  journal={American Economic Review},
  volume={89},
  number={1},
  pages={103--124},
  year={1999}
}

@article{tarozzi2011time,
  title={{Time Inconsistency, Expectations and Technology Adoption: The Case of Insecticide Treated Nets}},
  author={Mahajan, Aprajit and Tarozzi, Alessandro},
  year={2011},
  journal = {mimeo}
}

@article{ashraf2006tying,
  title={{Tying Odysseus to the Mast: Evidence From a Commitment Savings Product in the Philippines}},
  author={Ashraf, Nava and Karlan, Dean and Yin, Wesley},
  journal={Quarterly Journal of Economics},
  volume={121},
  number={2},
  pages={635--672},
  year={2006},
  publisher={MIT Press}
}

@article{cohen2016measuring,
  title={{Measuring Time Preferences}},
  author={Cohen, Jonathan D. and Ericson, Keith Marzilli and Laibson, David and White, John Myles},
  year={2016},
  journal={NBER Working Paper No.\ 22455},
}

@article{andreoni2012estimating,
  title={{Estimating Time Preferences From Convex Budgets}},
  author={Andreoni, James and Sprenger, Charles},
  journal={American Economic Review},
  volume={102},
  number={7},
  pages={3333--3356},
  year={2012}
}

@article{chabris2008individual,
  title={{Individual Laboratory-Measured Discount Rates Predict Field Behavior}},
  author={Chabris, Christopher F. and Laibson, David and Morris, Carrie L. and Schuldt, Jonathon P. and Taubinsky, Dmitry},
  journal={Journal of Risk and Uncertainty},
  volume={37},
  number={2-3},
  pages={237--269},
  year={2008},
  publisher={Springer}
}

@article{meier2012time,
  title={{Time Discounting Predicts Creditworthiness}},
  author={Meier, Stephan and Sprenger, Charles D.},
  journal={Psychological Science},
  volume={23},
  number={1},
  pages={56--58},
  year={2011},
  publisher={Sage Publications Sage CA: Los Angeles, CA}
}

@article{tanaka2010risk,
  title={{Risk and Time Preferences: Linking Experimental and Household Survey Data From Vietnam}},
  author={Tanaka, Tomomi and Camerer, Colin F. and Nguyen, Quang},
  journal={American Economic Review},
  volume={100},
  number={1},
  pages={557--571},
  year={2010}
}

@article{reuben2015procrastination,
  title={{Procrastination and Impatience}},
  author={Reuben, Ernesto and Sapienza, Paola and Zingales, Luigi},
  journal={Journal of Behavioral and Experimental Economics},
  volume={58},
  pages={63--76},
  year={2015}
}

@article{cubitt2007can,
  title={{Can Intertemporal Choice Experiments Elicit Time Preferences for Consumption?}},
  author={Cubitt, Robin P. and Read, Daniel},
  journal={Experimental Economics},
  volume={10},
  number={4},
  pages={369--389},
  year={2007}
}

@article{mcclure2007time,
  title={{Time Discounting for Primary Rewards}},
  author={McClure, Samuel M. and Ericson, Keith M. and Laibson, David I. and Loewenstein, George and Cohen, Jonathan D.},
  journal={Journal of Neuroscience},
  volume={27},
  number={21},
  pages={5796--5804},
  year={2007},
  publisher={Soc Neuroscience}
}

@article{augenblick2015working,
  title={{Working Over Time: Dynamic Inconsistency in Real Effort Tasks}},
  author={Augenblick, Ned and Niederle, Muriel and Sprenger, Charles},
  journal={Quarterly Journal of Economics},
  volume={130},
  number={3},
  pages={1067--1115},
  year={2015},
  publisher={MIT Press}
}

@article{ubfal2016general,
  title={{How General Are Time Preferences? Eliciting Good-Specific Discount Rates}},
  author={Ubfal, Diego},
  journal={Journal of Development Economics},
  volume={118},
  pages={150--170},
  year={2016},
  publisher={Elsevier}
}

@article{madden2004delay,
  title={{Delay Discounting of Potentially Real and Hypothetical Rewards: II. Between-And Within-Subject Comparisons}},
  author={Madden, Gregory J. and Raiff, Bethany R. and Lagorio, Carla H. and Begotka, Andrea M. and Mueller, Angela M. and Hehli, Daniel J. and Wegener, Ashley A.},
  journal={Experimental and Clinical Psychopharmacology},
  volume={12},
  number={4},
  pages={251--261},
  year={2004},
  publisher={American Psychological Association}
}

@article{falk2018global,
  title={{Global Evidence on Economic Preferences}},
  author={Falk, Armin and Becker, Anke and Dohmen, Thomas and Enke, Benjamin and Huffman, David and Sunde, Uwe},
  journal={Quarterly Journal of Economics},
  volume={133},
  number={4},
  pages={1645--1692},
  year={2018},
  publisher={Oxford University Press}
}
 
 @article{falk2016module,
 title={{The Preference Survey Module: A Validated Instrument for Measuring Risk, Time, and Social Preferences}},
 year={2016},
 journal={IZA Institute of Labor Economics Discussion Paper 9674},
 author={Falk, Armin and Becker, Anke and Dohmen, Thomas and Huffman, David B. and Sunde Uwe}
 }

@article{kahneman47l979,
title={{Prospect Theory: An Analysis of Decision Under Risk}},
  author={Kahneman, Daniel and Tversky, Amos},
  journal={Econometrica},
  year={1979},
  volume={47},
  pages={263--292},
  number={2}
}

@article{markowitz1952utility,
  title={{The Utility of Wealth}},
  author={Markowitz, Harry},
  journal={Journal of Political Economy},
  volume={60},
  number={2},
  pages={151--158},
  year={1952},
  publisher={The University of Chicago Press}
}

@article{rabin2000diminishing,
  title= {{Risk Aversion and Expected-Utility Theory: A Calibration Theorem}},
  author= {Rabin, Matthew},
  pages= {1281--1292},
  journal = {Econometrica},
  number = {5},
  volume = {68},
  year= {2000}
}

@incollection{o2018reference,
  title={{Reference-Dependent Preferences}},
  author={O’Donoghue, Ted and Sprenger, Charles},
  booktitle={{Handbook of Behavioral Economics: Applications and Foundations 1}},
  publisher = {Elsevier},
  editor = {Bernheim, B. Douglas and DellaVigna, Stefano and Laibson, David},
  address = {Amsterdam},
  year={2018}
}

@article{carney2018,
  title={{The Endowment Effect and Collateralized Loans}},
  author={Carney, Kevin and Kremer, Michael and Lin, Xinyue and Rao, Gautam},
  journal={mimeo},
  year={2018}
}

@article{jack2016borrowing,
  title={{Borrowing Requirements, Credit Access, and Adverse Selection: Evidence from Kenya}},
  author={Jack, William and Kremer, Michael and De Laat, Joost and Suri, Tavneet},
  journal={NBER Working Paper No.\ 22686},
  year={2016}
}

@article{pagel2017expectations,
  title={{Expectations-Based Reference-Dependent Life-Cycle Consumption}},
  author={Pagel, Michaela},
  journal={Review of Economic Studies},
  volume={84},
  number={2},
  pages={885--934},
  year={2017},
  publisher={Oxford University Press}
}

@article{blumberg2014dynamic,
  title={{Dynamic Loss Aversion, Growth, and Development}},
  author={Blumberg, Seth and Kremer, Michael},
  journal={mimeo},
  year={2014}
}

@article{tversky1981framing,
  title={{The Framing of Decisions and the Psychology of Choice}},
  author={Tversky, Amos and Kahneman, Daniel},
  journal={Science},
  volume={211},
  number={4481},
  pages={453--458},
  year={1981},
  publisher={American Association for the Advancement of Science}
}

@article{haigh2005professional,
  title={{Do Professional Traders Exhibit Myopic Loss Aversion? An Experimental Analysis}},
  author={Haigh, Michael S. and List, John A.},
  journal={Journal of Finance},
  volume={60},
  number={1},
  pages={523--534},
  year={2005},
  publisher={Wiley Online Library}
}

@article{bellemare2005myopic,
  title={{Myopic Loss Aversion: Information Feedback vs. Investment Flexibility}},
  author={Bellemare, Charles and Krause, Michaela and Kr{\"o}ger, Sabine and Zhang, Chendi},
  journal={Economics Letters},
  volume={87},
  number={3},
  pages={319--324},
  year={2005},
  publisher={Elsevier}
}

@article{rabin2009narrow,
  title={{Narrow Bracketing and Dominated Choices}},
  author={Rabin, Matthew and Weizs{\"a}cker, Georg},
  journal={American Economic Review},
  volume={99},
  number={4},
  pages={1508--1543},
  year={2009}
}

@article{camerer1997labor,
  title={{Labor Supply of New York City Cabdrivers: One Day at a Time}},
  author={Camerer, Colin and Babcock, Linda and Loewenstein, George and Thaler, Richard},
  journal={Quarterly Journal of Economics},
  volume={112},
  number={2},
  pages={407--441},
  year={1997},
  publisher={MIT Press}
}

@article{crawford2011new,
  title={{New York City Cab Drivers' Labor Supply Revisited: Reference-Dependent Preferences With Rational-Expectations Targets for Hours and Income}},
  author={Crawford, Vincent P. and Meng, Juanjuan},
  journal={American Economic Review},
  volume={101},
  number={5},
  pages={1912--1932},
  year={2011}
}

@article{thakral2017daily,
  title={{Daily Labor Supply and Adaptive Reference Points}},
  author={Thakral, Neil and T{\^o}, Linh T.},
  year={2018},
  journal={mimeo}
}

@article{barberis2012realization,
  title={{Realization Utility}},
  author={Barberis, Nicholas and Xiong, Wei},
  journal={Journal of Financial Economics},
  volume={104},
  number={2},
  pages={251--271},
  year={2012},
  publisher={Elsevier}
}

@article{dellavigna2017reference,
  title={{Reference-Dependent Job Search: Evidence from Hungary}},
  author={DellaVigna, Stefano and Lindner, Attila and Reizer, Bal{\'a}zs and Schmieder, Johannes F.},
  journal={Quarterly Journal of Economics},
  volume={132},
  number={4},
  pages={1969--2018},
  year={2017},
  publisher={Oxford University Press}
}

@article{allen2016reference,
  title={{Reference-Dependent Preferences: Evidence From Marathon Runners}},
  author={Allen, Eric J. and Dechow, Patricia M. and Pope, Devin G. and Wu, George},
  journal={Management Science},
  volume={63},
  number={6},
  pages={1657--1672},
  year={2016},
  publisher={INFORMS}
}

@article{hanna2014learning,
  title={{Learning Through Noticing: Theory and Evidence From a Field Experiment}},
  author={Hanna, Rema and Mullainathan, Sendhil and Schwartzstein, Joshua},
  journal={Quarterly Journal of Economics},
  volume={129},
  number={3},
  pages={1311--1353},
  year={2014},
  publisher={MIT Press}
}

@article{eyster2014extensive,
  title={{Extensive Imitation Is Irrational and Harmful}},
  author={Eyster, Erik and Rabin, Matthew},
  journal={Quarterly Journal of Economics},
  volume={129},
  number={4},
  pages={1861--1898},
  year={2014},
  publisher={Oxford University Press}
}

@article{kHoszegi2006model,
  title={{A Model of Reference-Dependent Preferences}},
  author={K{\H{o}}szegi, Botond and Rabin, Matthew},
  journal={Quarterly Journal of Economics},
  volume={121},
  number={4},
  pages={1133--1165},
  year={2006},
  publisher={MIT Press}
}

@article{malmendier2005ceo,
  title={{CEO Overconfidence and Corporate Investment}},
  author={Malmendier, Ulrike and Tate, Geoffrey},
  journal={Journal of Finance},
  volume={60},
  number={6},
  pages={2661--2700},
  year={2005},
  publisher={Wiley Online Library}
}


%%% 3.	Health 
@article{islam2014non,
  title={{Non-Communicable Diseases (NCDs) in Developing Countries: A Symposium Report}},
  author={Islam, Sheikh Mohammed Shariful and Purnat, Tina Dannemann and Phuong, Nguyen Thi Anh and Mwingira, Upendo and Schacht, Karsten and Fr{\"o}schl, G{\"u}nter},
  journal={Globalization and Health},
  volume={10},
  number={1},
  pages={81},
  year={2014},
  url={https://doi.org/10.1186/s12992-014-0081-9},
  publisher={BioMed Central}
}

@article{carter2015harmful,
  title={{Harmful Practices in the Management of Childhood Diarrhea in Low-And Middle-Income Countries: A Systematic Review}},
  author={Carter, Emily and Bryce, Jennifer and Perin, Jamie and Newby, Holly},
  journal={BMC Public Health},
  volume={15},
  number={1},
  pages={788},
  year={2015},
  publisher={BioMed Central}
}

@book{levine2004millions,
  title={{Millions Saved: Proven Successes in Global Health}},
  author={Levine, Ruth and Kinder, Molly},
  volume={3},
  number={3},
  year={2004},
  address = {Washington, DC},
  publisher={Center for Global Development}
}

@article{rao1998effects,
  title={{Effects of Exposure to Mass Media on Knowledge and Use of Oral Rehydration Therapy for Childhood Diarrhea in India}},
  author={Rao, K.V. and Mishra, Vinod K. and Retherford, Robert D.},
  journal={National Family Health Survey Subject Report},
  number={10},
  year={1998}
}

@article{banerjee2015miracle,
  title={{The Miracle of Microfinance? Evidence From a Randomized Evaluation}},
  author={Banerjee, Abhijit and Duflo, Esther and Glennerster, Rachel and Kinnan, Cynthia},
  journal={American Economic Journal: Applied Economics},
  volume={7},
  number={1},
  pages={22--53},
  year={2015}
}

@article{Chandra2018,
  title={{Behavioral Economics and Health-Care Markets}},
  author={Chandra, Amitabh and Handel, Benjamin and Schwartzstein, Joshua},
  journal={mimeo},
  year={2018}
}

@article{benjamin2018errors,
  title={{Errors in Probabilistic Reasoning and Judgment Biases}},
  author={Benjamin, Daniel J.},
  year={2018},
  journal={NBER Working Paper No.\ 25200}
}

@article{bloom2012global,
  title={{The Global Economic Burden of Noncommunicable Diseases}},
  author={Bloom, David E. and Cafiero, Elizabeth and Jan{\'e}-Llopis, Eva and Abrahams-Gessel, Shafika and Bloom, Lakshmi Reddy and Fathima, Sana and Feigl, Andrea B. and Gaziano, Tom and Hamandi, Ali and Mowafi, Mona and O'Farrell, Danny and Ozaltin, Emre and Pandya, Ankur and Prettner, Klaus and Rosenberg, Larry and Seligman, Benjamin and Stein, Adam Z. and Weinstein, Cara, and Weiss, Jonathan},
  year={2011},
  journal={World Economic Forum},
  address={Geneva}
}

@article{dupas2011health,
  title={{Health Behavior in Developing Countries}},
  author={Dupas, Pascaline},
  journal={Annual Review of Economics},
  volume={3},
  number={1},
  pages={425--449},
  year={2011},
  publisher={Annual Reviews}
}

@incollection{kremer2011improving,
  title={{Improving Health in Developing Countries: Evidence from Randomized Evaluations}},
  author={Kremer, Michael and Glennerster, Rachel},
  booktitle={Handbook of Health Economics},
  editor = {Pauly, Mark V. and Mcguire, Thomas G. and Barros, Pedro P.},
  volume={2},
  pages={201--315},
  year={2011},
  address={Amsterdam},
  publisher={Elsevier}
}

@incollection{dupas2017impacts,
  title={{Impacts and Determinants of Health Levels in Low-Income Countries}},
  author={Dupas, Pascaline and Miguel, Edward},
  booktitle={Handbook of Economic Field Experiments},
  editor = {Banerjee, Abhijit V. And Duflo, Esther},
  volume={2},
  pages={3--93},
  year={2017},
  address={Amsterdam},
  publisher={Elsevier}
}

@article{das2007money,
  title={{Money for Nothing: The Dire Straits of Medical Practice in Delhi, India}},
  author={Das, Jishnu and Hammer, Jeffrey},
  journal={Journal of Development Economics},
  volume={83},
  number={1},
  pages={1--36},
  year={2007},
  publisher={Elsevier}
}

@article{dupas2013savings,
  title={{Savings Constraints and Microenterprise Development: Evidence from a Field Experiment in Kenya}},
  author={Dupas, Pascaline and Robinson, Jonathan},
  journal={American Economic Journal: Applied Economics},
  volume={5},
  number={1},
  pages={163--192},
  year={2013}
}

@article{ahuja2015should,
  title={{When Should Governments Subsidize Health? The Case of Mass Deworming}},
  author={Ahuja, Amrita and Baird, Sarah and Hicks, Joan Hamory and Kremer, Michael and Miguel, Edward and Powers, Shawn},
  journal={World Bank Economic Review},
  volume={29},
  number={1},
  pages={9--24},
  year={2015},
  publisher={Oxford University Press}
}

@article{kremer2007illusion,
  title={{The Illusion of Sustainability}},
  author={Kremer, Michael and Miguel, Edward},
  journal={Quarterly Journal of Economics},
  volume={122},
  number={3},
  pages={1007--1065},
  year={2007},
  publisher={MIT Press}
}

@article{berry2015eliciting,
  title={{Eliciting and Utilizing Willingness to Pay: Evidence From Field Trials in Northern Ghana}},
  author={Berry, James and Fischer, Greg and Guiteras, Raymond P.},
  journal={mimeo},
  year={2018}
}

@article{ashraf2010can,
  title={{Can Higher Prices Stimulate Product Use? Evidence From a Field Experiment in Zambia}},
  author={Ashraf, Nava and Berry, James and Shapiro, Jesse M.},
  journal={American Economic Review},
  volume={100},
  number={5},
  pages={2383--2413},
  year={2010}
}

@article{cohen2010free,
  title={{Free Distribution or Cost-Sharing? Evidence from a Randomized Malaria Prevention Experiment}},
  author={Cohen, Jessica and Dupas, Pascaline},
  journal={Quarterly Journal of Economics},
  pages={1--45},
  volume={125},
  number={1},
  year={2010},
  publisher={JSTOR}
}

@article{meredith2013keeping,
  title={{Keeping the Doctor Away: Experimental Evidence on Investment in Preventative Health Products}},
  author={Meredith, Jennifer and Robinson, Jonathan and Walker, Sarah and Wydick, Bruce},
  journal={Journal of Development Economics},
  volume={105},
  pages={196--210},
  year={2013},
  publisher={Elsevier}
}

@article{banerjee2010improving,
  title={{Improving Immunisation Coverage in Rural India: Clustered Randomised Controlled Evaluation of Immunisation Campaigns With and Without Incentives}},
  author={Banerjee, Abhijit V. and Duflo, Esther and Glennerster, Rachel and Kothari, Dhruva},
  journal={BMJ: British Medical Journal},
  volume={340},
  pages={c2220},
  year={2010},
  publisher={British Medical Journal Publishing Group}
}

@article{thornton2008demand,
  title={{The Demand For, and Impact Of, Learning HIV Status}},
  author={Thornton, Rebecca L.},
  journal={American Economic Review},
  volume={98},
  number={5},
  pages={1829--1863},
  year={2008}
}

@Article{Cohen2015,
  author  = {Cohen, Jessica and Dupas, Pascaline and Schaner, Simone},
  title   = {{Price Subsidies, Diagnostic Tests, and Targeting of Malaria Treatment: Evidence From a Randomized Controlled Trial}},
  journal = {American Economic Review},
  year    = {2015},
  volume  = {105},
  number  = {2},
  pages   = {609--645},
}

@Article{ODonoghue2001,
  author    = {O'Donoghue, Ted and Rabin, Matthew},
  title     = {{Choice and Procrastination}},
  journal   = {Quarterly Journal of Economics},
  year      = {2001},
  volume    = {116},
  number    = {1},
  pages     = {121--160},
  publisher = {MIT Press},
}

@article{schilbach2015alcohol,
  title={{Alcohol and Self-Control: A Field Experiment in India}},
  author={Schilbach, Frank},
  journal={American Economic Review (forthcoming)},
  year={2019}
}

@article{casaburi2018demand,
  title={{Demand and Supply of Infrequent Payments as a Commitment Device: Evidence From Kenya}},
  author={Casaburi, Lorenzo and Macchiavello, Rocco},
  journal={American Economic Review (forthcoming)},
  year={2019}
}

@article{devoto2012happiness,
  title={{Happiness on Tap: Piped Water Adoption in Urban Morocco}},
  author={Devoto, Florencia and Duflo, Esther and Dupas, Pascaline and Parient{\'e}, William and Pons, Vincent},
  journal={American Economic Journal: Economic Policy},
  volume={4},
  number={4},
  pages={68--99},
  year={2012}
}

@article{tarozzi2014micro,
  title={{Micro-Loans, Insecticide-Treated Bednets, and Malaria: Evidence From a Randomized Controlled Trial in Orissa, India}},
  author={Tarozzi, Alessandro and Mahajan, Aprajit and Blackburn, Brian and Kopf, Dan and Krishnan, Lakshmi and Yoong, Joanne},
  journal={American Economic Review},
  volume={104},
  number={7},
  pages={1909--1941},
  year={2014}
}

@article{kHoszegi2007reference,
  title={{Reference-Dependent Risk Attitudes}},
  author={K{\H{o}}szegi, Botond and Rabin, Matthew},
  journal={American Economic Review},
  volume={97},
  number={4},
  pages={1047--1073},
  year={2007}
}

@article{thaler1981economic,
  title={{An Economic Theory of Self-Control}},
  author={Thaler, Richard H. and Shefrin, Hersh M.},
  journal={Journal of Political Economy},
  volume={89},
  number={2},
  pages={392--406},
  year={1981},
  publisher={The University of Chicago Press}
}

@article{gul2004self,
  title={{Self-Control and the Theory of Consumption}},
  author={Gul, Faruk and Pesendorfer, Wolfgang},
  journal={Econometrica},
  volume={72},
  number={1},
  pages={119--158},
  year={2004},
  publisher={Wiley Online Library}
}

@article{gul2001temptation,
  title={{Temptation and Self-Control}},
  author={Gul, Faruk and Pesendorfer, Wolfgang},
  journal={Econometrica},
  volume={69},
  number={6},
  pages={1403--1435},
  year={2001},
  publisher={Wiley Online Library}
}

@article{fudenberg2006dual,
  title={{A Dual-Self Model of Impulse Control}},
  author={Fudenberg, Drew and Levine, David K.},
  journal={American Economic Review},
  volume={96},
  number={5},
  pages={1449--1476},
  year={2006}
}

@article{gine2010put,
  title={{Put Your Money Where Your Butt Is: A Commitment Contract for Smoking Cessation}},
  author={Gin{\'e}, Xavier and Karlan, Dean and Zinman, Jonathan},
  journal={American Economic Journal: Applied Economics},
  volume={2},
  number={4},
  pages={213--235},
  year={2010}
}

@article{laibson2015don,
  title={{Why Don't Present-Biased Agents Make Commitments?}},
  author={Laibson, David},
  journal={American Economic Review},
  volume={105},
  number={5},
  pages={267--272},
  year={2015}
}

@article{john2016commitment,
  title={{When Commitment Fails—Evidence from a Field Experiment}},
  author={John, Anett},
  journal={Management Science (forthcoming)},
  year={2019}
}

@article{bai2017self,
  title={{Self-Control and Demand for Preventive Health: Evidence From Hypertension in India}},
  author={Bai, Liang and Handel, Benjamin and Miguel, Edward and Rao, Gautam},
  year={2017},
  journal={NBER Working Paper No.\ 23727}
}

@article{karlan2014loose,
  title={{Loose Knots: Strong Versus Weak Commitments to Save for Education in Uganda}},
  author={Karlan, Dean and Linden, Leigh L.},
  journal={NBER Working Paper No.\ 19863},
  year={2016},
  institution={National Bureau of Economic Research}
}

@article{arrow1963uncertainty,
  title={{Uncertainty and the Welfare Economics of Medical Care}},
  author={Arrow, Kenneth J.},
  journal={American Economic Review},
  volume={53},
  number={5},
  pages={941--973},
  year={1963},
  publisher={JSTOR}
}

@article{delavande2011measuring,
  title={{Measuring Subjective Expectations in Developing Countries: A Critical Review and New Evidence}},
  author={Delavande, Adeline and Gin{\'e}, Xavier and McKenzie, David},
  journal={Journal of Development Economics},
  volume={94},
  number={2},
  pages={151--163},
  year={2011},
  publisher={Elsevier}
}

@article{delavande2014probabilistic,
  title={{Probabilistic Expectations in Developing Countries}},
  author={Delavande, Adeline},
  journal={Annual Review in Economics},
  volume={6},
  number={1},
  pages={1--20},
  year={2014},
  publisher={Annual Reviews}
}

@article{delavande2009subjective,
  title={{Subjective Expectations in the Context of HIV/AIDS in Malawi}},
  author={Delavande, Adeline And Kohler, Hans-Peter},
  journal={Demographic Research},
  volume={20},
  pages={817--874},
  year={2009},
  publisher={NIH Public Access}
}

@article{godlonton2016responding,
  title={{Responding to Risk: Circumcision, Information, and HIV Prevention}},
  author={Godlonton, Susan and Munthali, Alister and Thornton, Rebecca},
  journal={Review of Economics and Statistics},
  volume={98},
  number={2},
  pages={333--349},
  year={2016},
  publisher={MIT Press}
}

@article{madajewicz2007can,
  title={{Can Information Alone Change Behavior? Response to Arsenic Contamination of Groundwater in Bangladesh}},
  author={Madajewicz, Malgosia and Pfaff, Alexander and Van Geen, Alexander and Graziano, Joseph and Hussein, Iftikhar and Momotaj, Hasina and Sylvi, Roksana and Ahsan, Habibul},
  journal={Journal of Development Economics},
  volume={84},
  number={2},
  pages={731--754},
  year={2007},
  publisher={Elsevier}
}

@article{dupas2011teenagers,
  title={{Do Teenagers Respond to HIV Risk Information? Evidence from a Field Experiment in Kenya}},
  author={Dupas, Pascaline},
  journal={American Economic Journal: Applied Economics},
  volume={3},
  number={1},
  pages={1--34},
  year={2011b}
}

@article{dupas2009malariaprevent,
    journal={American Economic Review Papers and Proceedings},
    author={Dupas, Pascaline},
    title={{What Matters (And What Does Not) in Households' Decision to Invest in Malaria Prevention?}},
    volume={99},
    year={2011a},
    number={2},
    pages={224--230}
}

@article{borland2009impact,
  title={{Impact of Graphic and Text Warnings on Cigarette Packs: Findings From Four Countries Over Five Years}},
  author={Borland, Ron and Wilson, Nick and Fong, Geoffrey T. and Hammond, David and Cummings, K. Michael and Yong, Hua H. and Hosking, Warwick and Hastings, Gerard B. and Thrasher, James and McNeill, Ann},
  journal={Tobacco Control},
  pages={358--364},
  year={2009},
  publisher={BMJ Publishing Group Ltd}
}

@article{anderson2009effectiveness,
  title={{Effectiveness and Cost-Effectiveness of Policies and Programmes to Reduce the Harm Caused by Alcohol}},
  author={Anderson, Peter and Chisholm, Dan and Fuhr, Daniela C.},
  journal={The Lancet},
  volume={373},
  number={9682},
  pages={2234--2246},
  year={2009},
  publisher={Elsevier}
}

@article{kHoszegi2003health,
  title={{Health Anxiety and Patient Behavior}},
  author={K{\H{o}}szegi, Botond},
  journal={Journal of Health Economics},
  volume={22},
  number={6},
  pages={1073--1084},
  year={2003},
  publisher={Elsevier}
}

@article{mayraz2011wishful,
  title={{Wishful Thinking}},
  author={Mayraz, Guy},
  year={2011},
  journal = {mimeo}
}

@article{caplin2001psychological,
  title={{Psychological Expected Utility Theory and Anticipatory Feelings}},
  author={Caplin, Andrew and Leahy, John},
  journal={Quarterly Journal of Economics},
  volume={116},
  number={1},
  pages={55--79},
  year={2001},
  publisher={MIT Press}
}

@article{caplin2004supply,
  title={{The Supply of Information by a Concerned Expert}},
  author={Caplin, Andrew and Leahy, John},
  journal={Economic Journal},
  volume={114},
  number={497},
  pages={487--505},
  year={2004},
  publisher={Wiley Online Library}
}

@article{brunnermeier2005optimal,
  title={{Optimal Expectations}},
  author={Brunnermeier, Markus K. and Parker, Jonathan A.},
  journal={American Economic Review},
  volume={95},
  number={4},
  pages={1092--1118},
  year={2005}
}

@Article{Koszegi2009,
  author  = {K{\H{o}}szegi, Botond and Rabin, Matthew},
  title   = {{Reference-Dependent Consumption Plans}},
  journal = {American Economic Review},
  year    = {2009},
  volume  = {99},
  number  = {3},
  pages   = {909--936},
}

@article{oster2013optimal,
  title={{Optimal Expectations and Limited Medical Testing: Evidence From Huntington Disease}},
  author={Oster, Emily and Shoulson, Ira and Dorsey, E.},
  journal={American Economic Review},
  volume={103},
  number={2},
  pages={804--830},
  year={2013}
}

@article{li2018information,
  title={{Information Avoidance and Medical Screening: A Field Experiment in China}},
  author={Li, Yufei and Meng, Juanjuan and Song, Changcheng and Zheng, Kai},
  year={2018},
  journal = {mimeo}
}

@article{eyster2010naive,
  title={{Naive Herding in Rich-Information Settings}},
  author={Eyster, Erik and Rabin, Matthew},
  journal={American Economic Journal: Microeconomics},
  volume={2},
  number={4},
  pages={221--243},
  year={2010}
}

@article{eyster2015dp11020,
  title={{An Experiment on Social Mislearning}},
  author={Eyster, Erik and Rabin, Matthew and Weizs{\"a}cker, Georg},
  journal={mimeo},
  year={2018}
}

@article{tversky1971belief,
  title={{Belief in the Law of Small Numbers}},
  author={Tversky, Amos and Kahneman, Daniel},
  journal={Psychological Bulletin},
  volume={76},
  number={2},
  pages={105--110},
  year={1971},
  publisher={American Psychological Association}
}

@article{griffin1992weighing,
  title={{The Weighing of Evidence and the Determinants of Confidence}},
  author={Griffin, Dale and Tversky, Amos},
  journal={Cognitive Psychology},
  volume={24},
  number={3},
  pages={411--435},
  year={1992},
  publisher={Elsevier}
}

@article{gagnon2017channeled,
  title={{Channeled Attention and Stable Errors}},
  author={Gagnon-Bartsch, Tristan and Rabin, Matthew and Schwartzstein, Joshua},
  journal={mimeo},
  year={2018}
}

@article{ashraf2017traditional,
  title={{Traditional Beliefs and Learning About Maternal Risk in Zambia}},
  author={Ashraf, Nava and Field, Erica and Rusconi, Giuditta and Voena, Alessandra and Ziparo, Roberta},
  journal={American Economic Review},
  volume={107},
  number={5},
  pages={511--515},
  year={2017}
}

@article{loewenstein2003projection,
  title={{Projection Bias in Predicting Future Utility}},
  author={Loewenstein, George and O'Donoghue, Ted and Rabin, Matthew},
  journal={Quarterly Journal of Economics},
  volume={118},
  number={4},
  pages={1209--1248},
  year={2003},
  publisher={MIT Press}
}

@article{chang2016something,
  title={{Something in the Air: Projection Bias and the Demand for Health Insurance}},
  author={Chang, Tom Y. and Huang, Wei and Wang, Yongxiang},
  journal={Review of Economic Studies},
  year={2018},
  volume={85},
  number={3},
  pages={1609--1634}
}

@incollection{loewenstein2003role,
  title={{The Role of Affect in Decision Making}},
  author={Loewenstein, George and Lerner, Jennifer S.},
  editor = {Davidson, Richard J. and Scherer, Klaus R. and Goldsmith, H. Hill},
  booktitle={Handbook of Affective Science},
  publisher = {Oxford University Press},
  address = {Oxford and New York},
  year={2003}
}

@article{lerner2015emotion,
  title={{Emotion and Decision Making}},
  author={Lerner, Jennifer S. and Li, Ye and Valdesolo, Piercarlo and Kassam, Karim S.},
  journal={Annual Review of Psychology},
  volume={66},
  pages={799--823},
  year={2015}
}

@article{baird2016worms,
  title={{Worms at Work: Long-Run Impacts of a Child Health Investment}},
  author={Baird, Sarah and Hicks, Joan Hamory and Kremer, Michael and Miguel, Edward},
  journal={Quarterly Journal of Economics},
  volume={131},
  number={4},
  pages={1637--1680},
  year={2016},
  publisher={MIT Press}
}

@article{miguel2007worms,
  title={{Worms: Identifying Impacts on Education and Health in the Presence of Treatment Externalities}},
  author={Miguel, Edward and Kremer, Michael},
  journal={Econometrica},
  volume={72},
  number={1},
  pages={159--217},
  year={2004},
}

@article{thaler1980toward,
  title={{Toward a Positive Theory of Consumer Choice}},
  author={Thaler, Richard},
  journal={Journal of Economic Behavior \& Organization},
  volume={1},
  number={1},
  pages={39--60},
  year={1980},
  publisher={Elsevier}
}

@article{eyster2002rationalizing,
  title={{Rationalizing the Past: A Taste for Consistency}},
  author={Eyster, Erik},
  journal={mimeo},
  year={2002}
}

@article{arkes1985psychology,
  title={{The Psychology of Sunk Cost}},
  author={Arkes, Hal R. and Blumer, Catherine},
  journal={Organizational Behavior and Human Decision Processes},
  volume={35},
  number={1},
  pages={124--140},
  year={1985},
  publisher={Elsevier}
}

@article{karlan2009observing,
  title={{Observing Unobservables: Identifying Information Asymmetries with a Consumer Credit Field Experiment}},
  author={Karlan, Dean and Zinman, Jonathan},
  journal={Econometrica},
  volume={77},
  number={6},
  pages={1993--2008},
  year={2009},
  publisher={Wiley Online Library}
}
{cohen2010free,
  title={{Free Distribution or Cost-Sharing? Evidence From a Randomized Malaria Prevention Experiment}},
  author={Cohen, Jessica and Dupas, Pascaline},
  journal={Quarterly Journal of Economics},
  pages={1--45},
  volume={125},
  number={1},
  year={2010},
  publisher={JSTOR}
}


%%% 4&5.	Insurance and savings
@article{chetty2015behavioral,
  title={{Behavioral Economics and Public Policy: A Pragmatic Perspective}},
  author={Chetty, Raj},
  journal={American Economic Review},
  volume={105},
  number={5},
  pages={1--33},
  year={2015}
}

@book{lusardi2009overcoming,
  title={{Overcoming the Saving Slump: How to Increase the Effectiveness of Financial Education and Saving Programs}},
  author={Lusardi, Annamaria},
  publisher = {University of Chicago Press},
  address = {Chicago, IL},
  year={2009}
}

@article{bordalo2012salience,
  title={{Salience Theory of Choice Under Risk}},
  author={Bordalo, Pedro and Gennaioli, Nicola and Shleifer, Andrei},
  journal={Quarterly Journal of Economics},
  volume={127},
  number={3},
  pages={1243--1285},
  year={2012},
  publisher={MIT Press}
}


@article{paxson1992using,
  title={{Using Weather Variability to Estimate the Response of Savings to Transitory Income in Thailand}},
  author={Paxson, Christina H.},
  journal={American Economic Review},
  pages={15--33},
  year={1992},
  publisher={JSTOR}
}

@article{yang2007remittances,
  title={{Are Remittances Insurance? Evidence From Rainfall Shocks in the Philippines}},
  author={Yang, Dean and Choi, HwaJung},
  journal={World Bank Economic Review},
  volume={21},
  number={2},
  pages={219--248},
  year={2007},
  publisher={Oxford University Press}
}

@article{rose1999consumption,
  title={{Consumption Smoothing and Excess Female Mortality in Rural India}},
  author={Rose, Elaina},
  journal={Review of Economics and Statistics},
  volume={81},
  number={1},
  pages={41--49},
  year={1999},
  publisher={MIT Press}
}

@article{maccini2009under,
  title={{Under the Weather: Health, Schooling, and Economic Consequences of Early-Life Rainfall}},
  author={Maccini, Sharon and Yang, Dean},
  journal={American Economic Review},
  volume={99},
  number={3},
  pages={1006--1026},
  year={2009}
}

@article{gertler2002insuring,
  title={{Insuring Consumption Against Illness}},
  author={Gertler, Paul and Gruber, Jonathan},
  journal={American Economic Review},
  volume={92},
  number={1},
  pages={51--70},
  year={2002}
}

@article{karlan2014savings,
  title={{Savings by and for the Poor: A Research Review and Agenda}},
  author={Karlan, Dean and Ratan, Aishwarya Lakshmi and Zinman, Jonathan},
  journal={Review of Income and Wealth},
  volume={60},
  number={1},
  pages={36--78},
  year={2014},
  publisher={Wiley Online Library}
}

@article{stango2009exponential,
  title={{Exponential Growth Bias and Household Finance}},
  author={Stango, Victor and Zinman, Jonathan},
  journal={Journal of Finance},
  volume={64},
  number={6},
  pages={2807--2849},
  year={2009},
  publisher={Wiley Online Library}
}

@article{song2015financial,
  title={{Financial Illiteracy and Pension Contributions: A Field Experiment on Compound Interest in China}},
  author={Song, Changcheng},
  year={2015},
  journal = {mimeo}
}

@article{breza2015social,
  title={{Social Networks, Reputation and Commitment: Evidence from a Savings Monitors Experiment}},
  author={Breza, Emily and Chandrasekhar, Arun G.},
  year={2015},
  journal={NBER Working Paper No.\ 21169}
}

@article{Chandrasekhar2015,
  title={{Testing Models of Social Learning on Networks: Evidence from a Lab Experiment in the Field}},
  author={Chandrasekhar, Arun G. and Larreguy, Horacio and Xandri Juan Pablo},
  year={2015},
  journal={NBER Working Paper No.\ 21468}
}

@article{schaner2018persistent,
  title={{The Persistent Power of Behavioral Change: Long-Run Impacts of Temporary Savings Subsidies for the Poor}},
  author={Schaner, Simone},
  journal={American Economic Journal: Applied Economics},
  volume={10},
  number={3},
  pages={67--100},
  year={2018}
}

@article{prina2015banking,
  title={{Banking the Poor via Savings Accounts: Evidence From a Field Experiment}},
  author={Prina, Silvia},
  journal={Journal of Development Economics},
  volume={115},
  pages={16--31},
  year={2015},
  publisher={Elsevier}
}

@article{carroll2009optimal,
  title={{Optimal Defaults and Active Decisions}},
  author={Carroll, Gabriel D. and Choi, James J. and Laibson, David and Madrian, Brigitte C. and Metrick, Andrew},
  journal={Quarterly Journal of Economics},
  volume={124},
  number={4},
  pages={1639--1674},
  year={2009},
  publisher={MIT Press}
}

@article{hastings2013fungibility,
  title={{Fungibility and Consumer Choice: Evidence from Commodity Price Shocks}},
  author={Hastings, Justine S. and Shapiro, Jesse M.},
  journal={Quarterly Journal of Economics},
  volume={128},
  number={4},
  pages={1449--1498},
  year={2013},
  publisher={MIT Press}
}

@article{blumenstock2018defaults,
  title={{Why Do Defaults Affect Behavior? Experimental Evidence from Afghanistan}},
  author={Blumenstock, Joshua and Callen, Michael and Ghani, Tarek},
  journal={American Economic Review},
  volume={108},
  number={10},
  pages={2868--2901},
  year={2018}
}

@article{thaler1985mental,
  title={{Mental Accounting and Consumer Choice}},
  author={Thaler, Richard H.},
  journal={Marketing Science},
  volume={4},
  number={3},
  pages={199--214},
  year={1985},
  publisher={INFORMS}
}

@article{chetty2014active,
  title={{Active vs. Passive Decisions and Crowd-Out in Retirement Savings Accounts: Evidence From Denmark}},
  author={Chetty, Raj and Friedman, John N. and Leth-Petersen, S{\o}ren and Nielsen, Torben Heien and Olsen, Tore},
  journal={Quarterly Journal of Economics},
  volume={129},
  number={3},
  pages={1141--1219},
  year={2014},
  publisher={MIT Press}
}

@article{madrian2001power,
  title={{The Power of Suggestion: Inertia in 401(K) Participation and Savings Behavior}},
  author={Madrian, Brigitte C. and Shea, Dennis F.},
  journal={Quarterly Journal of Economics},
  volume={116},
  number={4},
  pages={1149--1187},
  year={2001},
  publisher={MIT Press}
}

@article{johnson2004defaults,
  title={{Defaults and Donation Decisions}},
  author={Johnson, Eric J. and Goldstein, Daniel G.},
  journal={Transplantation},
  volume={78},
  number={12},
  pages={1713--1716},
  year={2004},
  publisher={LWW}
}

@article{sydnor2010over,
  title={{(Over) Insuring Modest Risks}},
  author={Sydnor, Justin},
  journal={American Economic Journal: Applied Economics},
  volume={2},
  number={4},
  pages={177--199},
  year={2010}
}

@article{hazell1992appropriate,
  title={{The Appropriate Role of Agricultural Insurance in Developing Countries}},
  author={Hazell, Peter B.R.},
  journal={Journal of International Development},
  volume={4},
  number={6},
  pages={567--581},
  year={1992},
  publisher={Wiley Online Library}
}

@book{dercon2005insurance,
  title={{Insurance Against Poverty}},
  author={Dercon, Stefan},
  year={2005},
  address = {Oxford},
  publisher={Oxford University Press}
}

@incollection{besley1995savings,
  title={{Savings, Credit and Insurance}},
  author={Besley, Timothy},
  booktitle={Handbook of Development Economics},
  editor={Behrman, Jere and Srinivasan, T.N.},
  volume={3 (Part A)},
  pages={2123--2207},
  year={1995},
  address={Amsterdam},
  publisher={Elsevier}
}

@article{townsend1994risk,
  title={{Risk and Insurance in Village India}},
  author={Townsend, Robert M.},
  journal={Econometrica},
  volume = {62},
  number = {3},
  pages={539--591},
  year={1994},
  publisher={JSTOR}
}

@incollection{morduch2006microinsurance,
  title={{Microinsurance: The Next Revolution}},
  booktitle = {{Understanding Poverty}},
  publisher = {Oxford University Press},
  address = {New York},
  editor = {Banerjee, Abhijit V. and Benabou, Roland and Mookherjee, Dilip},
  author={Morduch, Jonathan},
  year={2006}
}

@article{stein2011paying,
  title={{Paying Premiums With the Insurer’s Money: How Loss Aversion Drives Dynamic Insurance Decisions}},
  author={Stein, Daniel},
  journal={mimeo},
  year={2011}
}

@article{clarke2011theory,
  title={{A Theory of Rational Demand for Index Insurance}},
  author={Clarke, Daniel J.},
  journal={American Economic Journal: Microeconomics},
  volume={8},
  number={1},
  year={2016},
  pages={283--306}
}

@article{gine2007patterns,
  title={{Patterns of Rainfall Insurance Participation in Rural India}},
  author={Gin{\'e}, Xavier and Townsend, Robert and Vickery, James},
  journal = {World Bank Economic Review},
  volume = {22},
  number = {3}, 
  year = {2008},
  pages = {539--566}
 }
  
 @article{thornton2010,
  title={{Social Security Health Insurance for the Informal Sector in Nicaragua: A Randomized Evaluation}},
  author={Thornton, Rebecca and Hatt, Laurel and Field, Erica and Islam, Mursaleena and Diaz, Freddy and Gonzalez, Martha},
  journal = {Health Economics},
  volume = {19},
  year = {2010},
  pages = {181--206}
 }
  
@article{cole2013barriers,
  title={{Barriers to Household Risk Management: Evidence From India}},
  author={Cole, Shawn and Gin{\'e}, Xavier and Tobacman, Jeremy and Topalova, Petia and Townsend, Robert and Vickery, James},
  journal={American Economic Journal: Applied Economics},
  volume={5},
  number={1},
  pages={104--135},
  year={2013}
}

@incollection{doherty1991rational,
  title={{Rational Insurance Purchasing: Consideration of Contract Non-Performance}},
  author={Doherty, Neil A. and Schlesinger, Harris},
  booktitle={{Managing the Insolvency Risk of Insurance Companies}},
  editor={Cummins, J. David and Derrig, Richard A.},
  pages={283--294},
  year={1991},
  Address = {Dordrecht}, 
  publisher={Springer}
}

@article{casaburi2018,
  title={{Time vs. State in Insurance: Experimental Evidence From Contract Farming in Kenya}},
  author={Casaburi, Lorenzo and Willis, Jack},
  journal={American Economic Review},
  year={2018},
  volume = {108},
  number = {12},
  pages = {3778--3813}
}

@article{eckles2011prospect,
  title={{Prospect Theory and the Demand for Insurance}},
  author={Eckles, David L. and Volkman-Wise, Jacqueline},
  journal={The Risk Theory Society, American Risk and Insurance Association (ARIA)},
  year={2011}
}

@article{stein2016dynamics,
  title={{Dynamics of Demand for Rainfall Index Insurance: Evidence From a Commercial Product in India}},
  author={Stein, Daniel},
  journal={World Bank Economic Review},
  volume={32},
  number={3},
  pages={692--708},
  year={2016},
  publisher={Oxford University Press}
}

@article{hogarth1992order,
  title={{Order Effects in Belief Updating: The Belief-Adjustment Model}},
  author={Hogarth, Robin M. and Einhorn, Hillel J.},
  journal={Cognitive Psychology},
  volume={24},
  number={1},
  pages={1--55},
  year={1992},
  publisher={Elsevier}
}

@article{fuster2010natural,
  title={{Natural Expectations and Macroeconomic Fluctuations}},
  author={Fuster, Andreas and Laibson, David and Mendel, Brock},
  journal={Journal of Economic Perspectives},
  volume={24},
  number={4},
  pages={67--84},
  year={2010}
}

@article{bryan2013ambiguity,
  title={{Ambiguity Aversion Decreases Demand for Partial Insurance: Evidence from African Farmers}},
  author={Bryan, Gharad},
  journal={London School of Economics and Political Science Working Paper},
  year={2013}
}


@article{tversky1974judgment,
  title={{Judgment Under Uncertainty: Heuristics and Biases}},
  author={Tversky, Amos and Kahneman, Daniel},
  journal={Science},
  volume={185},
  number={4157},
  pages={1124--1131},
  year={1974},
  publisher={American association for the advancement of science}
}

@article{auriol2018god,
  title={{God Insures Those Who Pay? Formal Insurance and Religious Offerings in Ghana}},
  author={Auriol, Emmanuelle and Lassebie, Julie and Panin, Amma and Raiber, Eva and Seabright, Paul},
  year={2018},
  journal={Toulouse School of Economics Working Paper}
}

@article{herskowitz2018gambling,
  title={{Gambling, Saving, and Lumpy Liquidity Needs}},
  author={Herskowitz, Sylvan},
  journal={mimeo},
  year={2018}
}

@article{dupas2013don,
  title={{Why Don't the Poor Save More? Evidence from Health Savings Experiments}},
  author={Dupas, Pascaline and Robinson, Jonathan},
  journal={American Economic Review},
  volume={103},
  number={4},
  pages={1138--1171},
  year={2013}
}

@article{kast2018saving,
  title={{Saving More in Groups: Field Experimental Evidence from Chile}},
  author={Kast, Felipe and Meier, Stephan and Pomeranz, Dina},
  journal={Journal of Development Economics},
  volume={133},
  pages={275--294},
  year={2018},
  publisher={Elsevier}
}

@article{dupas2018banking,
  title={{Banking the Unbanked? Evidence from Three Countries}},
  author={Dupas, Pascaline and Karlan, Dean and Robinson, Jonathan and Ubfal, Diego},
  journal={American Economic Journal: Applied Economics},
  volume={10},
  number={2},
  pages={257--297},
  year={2018}
}

@Article{Amador2006,
  author    = {Amador, Manuel and Werning, Iv{\'a}n and Angeletos, George-Marios},
  title     = {Commitment vs. Flexibility},
  journal   = {Econometrica},
  year      = {2006},
  volume    = {74},
  number    = {2},
  pages     = {365--396},
  publisher = {Wiley Online Library},
}

@article{WhichEarlyWithdrawalPenalty,
  title={{Which Early Withdrawal Penalty Attracts the Most Deposits to a Commitment Savings Account?}},
  author={Beshears, John and Choi, James J. and Harris, Christopher and Laibson, David and Madrian, Brigitte C. and Sakong, Jung},
  journal={mimeo},
  year={2017},
}

@article{beshearsetal2015selfcontrol,
    title={{Self Control and Commitment: Can Decreasing the Liquidity of a Savings Account Increase Deposits?}},
    author={Beshears, John and Choi, James J. and Harris, Christopher, and Laibson, David and Madrian, Brigitte C. and Sakong, Jung},
    journal={NBER Working Paper No.\ 21474},
    year={2015}
}

@article{karlan2018price,
  title={{Price and Control Elasticities of Demand for Savings}},
  author={Karlan, Dean and Zinman, Jonathan},
  journal={Journal of Development Economics},
  volume={130},
  pages={145--159},
  year={2018},
  publisher={Elsevier}
}

@article{karlan2016getting,
  title={{Getting to the Top of Mind: How Reminders Increase Saving}},
  author={Karlan, Dean and McConnell, Margaret and Mullainathan, Sendhil and Zinman, Jonathan},
  journal={Management Science},
  volume={62},
  number={12},
  pages={3393--3411},
  year={2016},
  publisher={INFORMS}
}

@article{ericsonlaibson2018,
    title={{Intertemporal Choice}},
    author={Ericson, Keith Marzilli and Laibson, David},
    journal={NBER Working Paper No.\ 25358},
    year={2018}
}

@article{ericson2014interaction,
  title={{On the Interaction of Memory and Procrastination: Implications for Reminders, Deadlines, and Empirical Estimation}},
  author = {Ericson, Keith Marzilli},
  journal = {Journal of the European Economic Association},
  volume = {15},
  number = {3},
  pages = {692--719},
  year = {2017}
}
 
  author={Ericson, Keith M Marzilli},
  year={2014},
  institution={National Bureau of Economic Research}
}

@book{ross2011person,
  title={{The Person and the Situation: Perspectives of Social Psychology}},
  author={Ross, Lee and Nisbett, Richard E.},
  year={2011},
  address = {London},
  publisher={Pinter \& Martin Publishers}
}

@article{jack2014risk,
  title={{Risk Sharing and Transactions Costs: Evidence from Kenya's Mobile Money Revolution}},
  author={Jack, William and Suri, Tavneet},
  journal={American Economic Review},
  volume={104},
  number={1},
  pages={183--223},
  year={2014}
}

@article{suri2016long,
  title={{The Long-Run Poverty and Gender Impacts of Mobile Money}},
  author={Suri, Tavneet and Jack, William},
  journal={Science},
  volume={354},
  number={6317},
  pages={1288--1292},
  year={2016},
}

@article{doi:10.1146/annurev-economics-063016-103638,
    author = {Suri, Tavneet},
    title = {{Mobile Money}},
    journal = {Annual Review of Economics},
    volume = {9},
    number = {1},
    pages = {497--520},
    year = {2017},
}

@article{Ru2016credit,
  title={{Do Credit Card Companies Screen for Behavioral Biases?}},
  author={Ru, Hong and Schoar, Antoinette},
  journal={NBER Working Paper No.\ 22360},
  year={2016}
}

@article{cadena2011remembering,
  title={{Remembering to Pay? Reminders vs. Financial Incentives for Loan Payments}},
  author={Cadena, Ximena and Schoar, Antoinette},
  journal={NBER Working Paper No.\ 17020},
  year={2011}
}

@incollection{slovic1974decision,
  title={{Decision Processes, Rationality and Adjustment to Natural Hazards}},
  author={Slovic, Paul and Kunreuther, Howard and White, Gilbert F.},
  editor = {White, Gilbert F.},
  booktitle = {Natural Hazards: Local, National, Global},
  address = {New York},
  pages = {187--205},
  year={1974},
  publisher={Oxford University Press}
}

@article{kunreuther1976limited,
  title={{Limited Knowledge and Insurance Protection}},
  author={Kunreuther, Howard},
  journal={Public Policy},
  volume={24},
  number={2},
  pages={227--261},
  year={1976},
}

@book{kunreuther1978disaster,
  title={{Disaster Insurance Protection: Public Policy Lessons}},
  author={Kunreuther, Howard and Ginsberg, Ralph and Miller, Louis and Sagi, Philip and Slovic, Paul and Borkan, Bradley and Katz, Norman},
  year={1978},
  address = {New York},
  publisher={Wiley}
}

@article{gallagher2014learning,
  title={{Learning about an Infrequent Event: Evidence from Flood Insurance Take-Up in the United States}},
  author={Gallagher, Justin},
  journal={American Economic Journal: Applied Economics},
  volume={6},
  number={3},
  pages={206--233},
  year={2014},
  publisher={JSTOR}
}

%%% 6.	Technology Adoption
@article{bandiera2018social,
  title={{Social Ties and the Delivery of Development Programs}},
  author={Bandiera, Oriana and Burgess, Robin and Deserranno, Erika and Morel, Ricardo and Rasulk, Imran and Sulaiman Munshi},
  year={2018},
  journal={mimeo}
}

@article{benjamin2016model,
  title={{A Model of Nonbelief in the Law of Large Numbers}},
  author={Benjamin, Daniel J. and Rabin, Matthew and Raymond, Collin},
  journal={Journal of the European Economic Association},
  volume={14},
  number={2},
  pages={515--544},
  year={2016},
  publisher={Oxford University Press}
}

@article{dugger2007ending,
  title={{Ending Famine, Simply by Ignoring the Experts}},
  author={Dugger, Celia W.},
  journal={New York Times},
  volume={2},
  number={12},
  pages={07},
  year={2007}
}

@article{suri2011selection,
  title={{Selection and Comparative Advantage in Technology Adoption}},
  author={Suri, Tavneet},
  journal={Econometrica},
  volume={79},
  number={1},
  pages={159--209},
  year={2011},
  publisher={Wiley Online Library}
}

@article{geroski2000models,
  title={{Models of Technology Diffusion}},
  author={Geroski, Paul A.},
  journal={Research Policy},
  volume={29},
  number={4-5},
  pages={603--625},
  year={2000},
  publisher={Elsevier}
}

@article{atkin2017organizational,
  title={{Organizational Barriers to Technology Adoption: Evidence From Soccer-Ball Producers in Pakistan}},
  author={Atkin, David and Chaudhry, Azam and Chaudry, Shamyla and Khandelwal, Amit K. and Verhoogen, Eric},
  journal={Quarterly Journal of Economics},
  volume={132},
  number={3},
  pages={1101--1164},
  year={2017},
  publisher={Oxford University Press}
}

@article{conley2010learning,
  title={{Learning About a New Technology: Pineapple in Ghana}},
  author={Conley, Timothy G. and Udry, Christopher R.},
  journal={American Economic Review},
  volume={100},
  number={1},
  pages={35--69},
  year={2010}
}

@article{bloom2013does,
  title={{Does Management Matter? Evidence From India}},
  author={Bloom, Nicholas and Eifert, Benn and Mahajan, Aprajit and McKenzie, David and Roberts, John},
  journal={Quarterly Journal of Economics},
  volume={128},
  number={1},
  pages={1--51},
  year={2013},
  publisher={Oxford University Press}
}

@article{foster2010microeconomics,
  title={{Microeconomics of Technology Adoption}},
  author={Foster, Andrew D. and Rosenzweig, Mark R.},
  journal={Annual Review of Economics},
  volume={2},
  number={1},
  pages={395--424},
  year={2010},
}

@article{foster1996technical,
  title={{Technical Change and Human-Capital Returns and Investments: Evidence from the Green Revolution}},
  author={Foster, Andrew D. and Rosenzweig, Mark R.},
  journal={American Economic Review},
  pages={931--953},
  volume={86},
  number={4},
  year={1996},
  publisher={JSTOR}
}

@incollection{sims2010rational,
  title={{Rational Inattention and Monetary Economics}},
  author={Sims, Christopher A.},
  editor = {Friedman, Benjamin M. and Woodford, Michael},
  booktitle={Handbook of Monetary Economics},
  volume={3},
  pages={155--181},
  year={2010},
  address = {Amsterdam},
  publisher={Elsevier}
}

@article{sims2003implications,
  title={{Implications of Rational Inattention}},
  author={Sims, Christopher A.},
  journal={Journal of Monetary Economics},
  volume={50},
  number={3},
  pages={665--690},
  year={2003},
  publisher={Elsevier}
}

@article{schwartzstein2014selective,
  title={{Selective Attention and Learning}},
  author={Schwartzstein, Joshua},
  journal={Journal of the European Economic Association},
  volume={12},
  number={6},
  pages={1423--1452},
  year={2014},
  publisher={Oxford University Press}
}

@article{bennear2013impact,
  title={{Impact of a Randomized Controlled Trial in Arsenic Risk Communication on Household Water-Source Choices in Bangladesh}},
  author={Bennear, Lori and Tarozzi, Alessandro and Pfaff, Alexander and Balasubramanya, Soumya and Ahmed, Kazi Matin and Van Geen, Alexander},
  journal={Journal of Environmental Economics and Management},
  volume={65},
  number={2},
  pages={225--240},
  year={2013},
  publisher={Elsevier}
}

@incollection{Shefrin1992,
  author    = {Shefrin, Hersh M. and Thaler, Richard H.},
  title     = {{Mental Accounting, Saving, and Self-Control}},
  booktitle = {Advances in Behavioral Economics},
  editor = {Camerer, Colin F. and Loewenstein, George and Rabin, Matthew},
  year      = {2004},
  pages     = {395--428},
  address = {Princeton and Oxford},
  publisher = {Russell Sage Foundation/Princeton University Press},
}

@article{drexler2014keeping,
  title={{Keeping It Simple: Financial Literacy and Rules of Thumb}},
  author={Drexler, Alejandro and Fischer, Greg and Schoar, Antoinette},
  journal={American Economic Journal: Applied Economics},
  volume={6},
  number={2},
  pages={1--31},
  year={2014}
}

@article{duflo2011nudging,
  title={{Nudging Farmers to Use Fertilizer: Theory and Experimental Evidence from Kenya}},
  author={Duflo, Esther and Kremer, Michael and Robinson, Jonathan},
  journal={American Economic Review},
  volume={101},
  number={6},
  pages={2350--2390},
  year={2011}
}

@article{lee2016experimental,
  title={{Experimental Evidence on the Demand for and Costs of Rural Electrification}},
  author={Lee, Kenneth and Miguel, Edward and Wolfram, Catherine},
  journal={NBER Working Paper No.\ 22292},
  year={2016},
 }

@article{munshi2004social,
  title={{Social Learning in a Heterogeneous Population: Technology Diffusion in the Indian Green Revolution}},
  author={Munshi, Kaivan},
  journal={Journal of Development Economics},
  volume={73},
  number={1},
  pages={185--213},
  year={2004},
  publisher={Elsevier}
}

@article{bandiera2006social,
  title={{Social Networks and Technology Adoption in Northern Mozambique}},
  author={Bandiera, Oriana and Rasul, Imran},
  journal={Economic Journal},
  volume={116},
  number={514},
  pages={869--902},
  year={2006},
  publisher={Wiley Online Library}
}

@article{banerjee1992simple,
  title={{A Simple Model of Herd Behavior}},
  author={Banerjee, Abhijit V.},
  journal={Quarterly Journal of Economics},
  volume={107},
  number={3},
  pages={797--817},
  year={1992},
  publisher={MIT Press}
}

@article{enke2013correlation,
  title={{Correlation Neglect in Belief Formation}},
  author={Enke, Benjamin and Zimmermann, Florian},
  year={2019},
  journal = {Review of Economic Studies (forthcoming)}
}

@article{murfin2017comparables,
  title={{Comparables Pricing}},
  author={Murfin, Justin and Pratt, Ryan},
  journal={Review of Financial Studies},
  volume = {hhy047},
  year={2018}
}

@article{rabin2002inference,
  title={{Inference by Believers in the Law of Small Numbers}},
  author={Rabin, Matthew},
  journal={Quarterly Journal of Economics},
  volume={117},
  number={3},
  pages={775--816},
  year={2002},
  publisher={MIT Press}
}

@article{demarzo2003persuasion,
  title={{Persuasion Bias, Social Influence, and Unidimensional Opinions}},
  author={DeMarzo, Peter M. and Vayanos, Dimitri and Zwiebel, Jeffrey},
  journal={Quarterly Journal of Economics},
  volume={118},
  number={3},
  pages={909--968},
  year={2003},
  publisher={MIT Press}
}


@article{benjamin2018base,
  title={{Base-Rate Neglect: Foundations and Implications}},
  author={Benjamin, Dan and Bodoh-Creed, Aaron and Rabin, Matthew},
  journal={mimeo},
  year={2018}
}

@article{enke2017complexity,
  title={{Complexity, Mental Frames, and Neglect}},
  author={Enke, Benjamin},
  journal={mimeo},
  year={2017}
}

@book{acemoglu2013nations,
  title={{Why Nations Fail: The Origins of Power, Prosperity, and Poverty}},
  author={Acemoglu, Daron and Robinson, James A.},
  year={2013},
  address={New York},
  publisher={Broadway Business}
}

@article{okunogbe2018does,
  title={{Does Exposure to Other Ethnic Regions Promote National Integration?: Evidence From Nigeria}},
  author={Okunogbe, Oyebola},
  year={2018},
  journal = {mimeo}
}


@article{schulz2018origins,
  title={{The Origins of WEIRD Psychology}},
  author={Schulz, Jonathan and Bahrami-Rad, Duman and Beauchamp, Jonathan and Henrich, Joseph},
  institution = {PsyArXiv Preprints},
  year={2018}
}

@article{blouin2017erasing,
  title={{Erasing Ethnicity? Propaganda, Nation Building and Identity in Rwanda}},
  author={Blouin, Arthur Thomas and Mukand, Sharun W.},
  journal={mimeo},
  year={2017}
}

@article{boisjoly2006empathy,
  title={{Empathy or Antipathy? The Impact of Diversity}},
  author={Boisjoly, Johanne and Duncan, Greg J. and Kremer, Michael and Levy, Dan M. and Eccles, Jacque},
  journal={American Economic Review},
  volume={96},
  number={5},
  pages={1890--1905},
  year={2006}
}

@article{burns2018interaction,
  title={{Interaction, Prejudice and Performance. Evidence from South Africa}},
  author={Corno, Lucia and La Ferrara, Eliana and Burns, Justine},
  year={2018},
  journal={mimeo}
}

@article{oswald2013predicting,
  title={{Predicting Ethnic and Racial Discrimination: A Meta-Analysis of IAT Criterion Studies}},
  author={Oswald, Frederick L. and Mitchell, Gregory and Blanton, Hart and Jaccard, James and Tetlock, Philip E.},
  journal={Journal of Personality and Social Psychology},
  volume={105},
  number={2},
  pages={171--192},
  year={2013},
  publisher={American Psychological Association}
}

@article{greenwald2009understanding,
  title={{Understanding and Using the Implicit Association Test: III. Meta-Analysis of Predictive Validity}},
  author={Greenwald, Anthony G. and Poehlman, T. Andrew and Uhlmann, Eric Luis and Banaji, Mahzarin R.},
  journal={Journal of Personality and Social Psychology},
  volume={97},
  number={1},
  pages={17--41},
  year={2009},
  publisher={American Psychological Association}
}

@article{greenwald1998measuring,
  title={{Measuring Individual Differences in Implicit Cognition: The Implicit Association Test}},
  author={Greenwald, Anthony G. and McGhee, Debbie E. and Schwartz, Jordan L.K.},
  journal={Journal of Personality and Social Psychology},
  volume={74},
  number={6},
  pages={1464--1480},
  year={1998},
  publisher={American Psychological Association}
}

@book{james1990foundations,
  title={{Foundations of Social Theory}},
  author={Coleman, James S.},
  publisher = {Harvard University Press},
  address = {Cambridge, MA},
  year={1990}
}

@book{haidt2012righteous,
  title={{The Righteous Mind: Why Good People Are Divided by Politics and Religion}},
  author={Haidt, Jonathan},
  year={2013},
  address = {New York},
  publisher={Vintage Books}
}

@article{guiso2006does,
  title={{Does Culture Affect Economic Outcomes?}},
  author={Guiso, Luigi and Sapienza, Paola and Zingales, Luigi},
  journal={Journal of Economic Perspectives},
  volume={20},
  number={2},
  pages={23--48},
  year={2006}
}

@article{porta1996trust,
  title={{Trust in Large Organizations}},
  author={LaPorta, Rafael and Lopez-De-Silanes, Florencio and Shleifer, Andrei and Vishny, Robert W.},
  year={1997},
  journal={American Economic Review: Papers and Proceedings},
  volume = {87},
  number = {2},
  pages = {333--338}
}

@article{tabellini2010culture,
  title={{Culture and Institutions: Economic Development in the Regions of Europe}},
  author={Tabellini, Guido},
  journal={Journal of the European Economic Association},
  volume={8},
  number={4},
  pages={677--716},
  year={2010},
  publisher={Oxford University Press}
}

@article{PopEleches2011,
  title={{Mobile Phone Technologies Improve Adherence to Antiretroviral Treatment in a Resource-Limited Setting: A Randomized Controlled Trial of Text Message Reminders}},
  author={Pop-Eleches, Cristian and {et al.}},
  journal={AIDS},
  volume={25},
  number={6},
  pages={825--834},
  year={2011}
}

@article{Ahuja2010,
  title={{Providing Safe Water: Evidence from Randomized Evaluations}},
  author={Ahuja, Amrita and Kremer, Michael and Zwane, Alix Peterson},
  journal={Annual Review of Resource Economics},
  volume={2},
  pages={237--256},
  year={2010}
}

@article{henrich2010markets,
  title={{Markets, Religion, Community Size, and the Evolution of Fairness and Punishment}},
  author={Henrich, Joseph and Ensminger, Jean and McElreath, Richard and Barr, Abigail and Barrett, Clark and Bolyanatz, Alexander and Cardenas, Juan Camilo and Gurven, Michael and Gwako, Edwins and Henrich, Natalie and Lesorogol, Carolyn and Marlowe, Frank and Tracer, David and Ziker, John},
  journal={Science},
  volume={327},
  number={5972},
  pages={1480--1484},
  year={2010},
  publisher={American Association for the Advancement of Science}
}

@article{aghion2008can,
  title={{Civil Society and the State: The Interplay Between Cooperation and Minimum Wage Regulation}},
  author={Aghion, Philippe and Algan, Yann and Cahuc, Pierre},
  journal={Journal of the European Economic Association},
  volume={9},
  number={1},
  pages={3--42},
  year={2011}
}

@article{aghion2010regulation,
  title={Regulation and Distrust},
  author={Aghion, Philippe and Algan, Yann and Cahuc, Pierre and Shleifer, Andrei},
  journal={Quarterly Journal of Economics},
  volume={125},
  number={3},
  pages={1015--1049},
  year={2010},
  publisher={MIT Press}
}

@article{alesina2015culture,
  title={Culture and Institutions},
  author={Alesina, Alberto and Giuliano, Paola},
  journal={Journal of Economic Literature},
  volume={53},
  number={4},
  pages={898--944},
  year={2015}
}

@article{gneezy2000fine,
  title={{A Fine Is a Price}},
  author={Gneezy, Uri and Rustichini, Aldo},
  journal={Journal of Legal Studies},
  volume={29},
  number={1},
  pages={1--17},
  year={2000},
  publisher={The University of Chicago Press}
}

@article{kaur2010self,
  title={{Self-Control and the Development of Work Arrangements}},
  author={Kaur, Supreet and Kremer, Michael and Mullainathan, Sendhil},
  journal={American Economic Review},
  volume={100},
  number={2},
  pages={624--628},
  year={2010}
}

@article{knetsch1989endowment,
  title={{The Endowment Effect and Evidence of Nonreversible Indifference Curves}},
  author={Knetsch, Jack},
  journal={American Economic Review},
  volume={79},
  number={5},
  pages={1277--1284},
  year={1989},
  publisher={American Economic Association}
}

@article{henrich2001search,
  title={{In Search of Homo Economicus: Behavioral Experiments in 15 Small-Scale Societies}},
  author={Henrich, Joseph and Boyd, Robert and Bowles, Samuel and Camerer, Colin and Fehr, Ernst and Gintis, Herbert and McElreath, Richard},
  journal={American Economic Review},
  volume={91},
  number={2},
  pages={73--78},
  year={2001}
}

@article{dellavigna2018stability,
  title={{Stability of Experimental Results: Forecasts and Evidence}},
  author={DellaVigna, Stefano and Pope, Devin},
  journal={mimeo},
  year={2018}
}

@article{nunn2012culture,
  title={{Culture and the Historical Process}},
  author={Nunn, Nathan},
  journal={Economic History of Developing Regions},
  volume={27},
  number={sup1},
  pages={S108--S126},
  year={2012},
  publisher={Taylor \& Francis}
}

@article{fernandez2009culture,
  title={{Culture: An Empirical Investigation of Beliefs, Work, and Fertility}},
  author={Fernandez, Raquel and Fogli, Alessandra},
  journal={American Economic Journal: Macroeconomics},
  volume={1},
  number={1},
  pages={146--177},
  year={2009}
}

@article{knack1997does,
  title={{Does Social Capital Have an Economic Payoff? A Cross-Country Investigation}},
  author={Knack, Stephen and Keefer, Philip},
  journal={Quarterly Journal of Economics},
  volume={112},
  number={4},
  pages={1251--1288},
  year={1997},
  publisher={MIT Press}
}

@article{henrich2010weirdest,
  title={{The Weirdest People in the World?}},
  author={Henrich, Joseph and Heine, Steven J. and Norenzayan, Ara},
  journal={Behavioral and Brain Sciences},
  volume={33},
  number={2-3},
  pages={61--83},
  year={2010},
  publisher={Cambridge University Press}
}

@article{enke2018moral,
  title={{Moral Values and Voting}},
  author={Enke, Benjamin},
  journal={NBER Working Paper No.\ 24268},
  year={2018}
}

@book{edward1958moral,
  title={{The Moral Basis of a Backward Society}},
  author={Banfield, Edward C.},
  publisher = {Free Press},
  address = {Glencoe, IL},
  year={1958}
}

@book{putnam2000bowling,
  title={{Bowling Alone: The Collapse and Revival of American Community}},
  author={Putnam, Robert D.},
  publisher = {Simon and Schuster},
  address = {New York},
  year={2000}
 }

@article{arrow1972gifts,
  title={{Gifts and Exchanges}},
  author={Arrow, Kenneth J.},
  journal={Philosophy \& Public Affairs},
  volume = {1},
  number = {4},
  pages={343--362},
  year={1972},
  publisher={JSTOR}
}

@incollection{algan2014trust,
  title={Trust, Growth, and Well-Being: New Evidence and Policy Implications},
  author={Algan, Yann and Cahuc, Pierre},
  booktitle={Handbook of Economic Growth},
  volume={2},
  pages={49--120},
  year={2014},
  publisher={Elsevier}
}

@article{spolaore2013deep,
  title={{How Deep Are the Roots of Economic Development?}},
  author={Spolaore, Enrico and Wacziarg, Romain},
  journal={Journal of Economic Literature},
  volume={51},
  number={2},
  pages={325--369},
  year={2013}
}

@article{nunn2011slave,
  title={{The Slave Trade and the Origins of Mistrust in Africa}},
  author={Nunn, Nathan and Wantchekon, Leonard},
  journal={American Economic Review},
  volume={101},
  number={7},
  pages={3221--3252},
  year={2011}
}

@article{nunn2008long,
  title={{The Long-Term Effects of Africa's Slave Trades}},
  author={Nunn, Nathan},
  journal={Quarterly Journal of Economics},
  volume={123},
  number={1},
  pages={139--176},
  year={2008},
  publisher={MIT Press}
}

@article{enke2008kinship,
  title={{Kinship, Cooperation, and the Evolution of Moral Systems}},
  journal={NBER Working Paper No.\ 23499},
  author={Enke, Benjamin},
  year={2018}
}

@article{algan2010inherited,
  title={{Inherited Trust and Growth}},
  author={Algan, Yann and Cahuc, Pierre},
  journal={American Economic Review},
  volume={100},
  number={5},
  pages={2060--2092},
  year={2010}
}


@article{miguel2005ethnic,
  title={{Ethnic Diversity, Social Sanctions, and Public Goods in Kenya}},
  author={Miguel, Edward and Gugerty, Mary Kay},
  journal={Journal of Public Economics},
  volume={89},
  number={11-12},
  pages={2325--2368},
  year={2005},
  publisher={Elsevier}
}

@article{cingano2012trust,
  title={{Trust, Firm Organization and the Structure of Production}},
  author={Cingano, Federico and Pinotti, Paolo},
  journal={Carlo F. Dondena Centre for Research on Social Dynamics Working Paper No.\ 053},
  year={2012}
}

@article{bloom2012organization,
  title={{The Organization of Firms across Countries}},
  author={Bloom, Nicholas and Sadun, Raffaella and Van Reenen, John},
  journal={Quarterly Journal of Economics},
  volume={127},
  number={4},
  pages={1663--1705},
  year={2012},
  publisher={Oxford University Press}
}

@book{allport1954nature,
  title={The Nature of Prejudice},
  author={Allport, Gordon Willard},
  year={1954},
  publisher={Doubleday}
}

@article{rao2018familiarity,
  title={{Familiarity Does Not Breed Contempt: Diversity, Discrimination and Generosity in Delhi Schools}},
  author={Rao, Gautam},
  journal={American Economic Review (forthcoming)},
  year={2019}
}

@article{lowe2018unity,
  title={{Types of Contact: A Field Experiment on Collaborative and Adversarial Caste Integration}},
  author={Lowe, Matt},
  year={2018},
  journal = {mimeo}
}

@article{jensen2009power,
  title={{The Power of TV: Cable Television and Women's Status in India}},
  author={Jensen, Robert and Oster, Emily},
  journal={Quarterly Journal of Economics},
  volume={124},
  number={3},
  pages={1057--1094},
  year={2009},
  publisher={MIT Press}
}

@article{yanagizawa2014propaganda,
  title={{Propaganda and Conflict: Evidence From the Rwandan Genocide}},
  author={Yanagizawa-Drott, David},
  journal={Quarterly Journal of Economics},
  volume={129},
  number={4},
  pages={1947--1994},
  year={2014},
  publisher={MIT Press}
}

@article{miguel2004tribe,
  title={{Tribe or Nation? Nation Building and Public Goods in Kenya Versus Tanzania}},
  author={Miguel, Edward},
  journal={World Politics},
  volume={56},
  number={3},
  pages={327--362},
  year={2004},
  publisher={Cambridge University Press}
}

@article{cantoni2017curriculum,
  title={{Curriculum and Ideology}},
  author={Cantoni, Davide and Chen, Yuyu and Yang, David Y. and Yuchtman, Noam and Zhang, Y. Jane},
  journal={Journal of Political Economy},
  volume={125},
  number={2},
  pages={338--392},
  year={2017},
  publisher={University of Chicago Press Chicago, IL}
}

@article{algan2013teaching,
  title={Teaching Practices and Social Capital},
  author={Algan, Yann and Cahuc, Pierre and Shleifer, Andrei},
  journal={American Economic Journal: Applied Economics},
  volume={5},
  number={3},
  pages={189--210},
  year={2013}
}


%%% 8.	Behavioral labor markets
@article{andersen2014toward,
  title={{Toward an Understanding of Reference-Dependent Labor Supply: Theory and Evidence From a Field Experiment}},
  author={Andersen, Steffen and Brandon, Alec and Gneezy, Uri and List, John A.},
  year={2014},
  journal={NBER Working Paper No.\ 20695}
}

@article{bewley1998not,
  title={{Why Not Cut Pay?}},
  author={Bewley, Truman F.},
  journal={European Economic Review},
  volume={42},
  number={3-5},
  pages={459--490},
  year={1998},
  publisher={Elsevier}
}

@article{heath2016causes,
  title={{The Causes and Consequences of Increased Female Education and Labor Force Participation in Developing Countries}},
  author={Heath, Rachel and Jayachandran, Seema},
  year={2016},
  journal={NBER Working Paper No.\ 22766}
}

@article{thompson1967time,
  title={{Time, Work-Discipline, and Industrial Capitalism}},
  author={Thompson, Edward P.},
  journal={Past \& Present},
  number={38},
  pages={56--97},
  year={1967},
  publisher={JSTOR}
}

@article{marglin1974bosses,
  title={{What Do Bosses Do? The Origins and Functions of Hierarchy in Capitalist Production}},
  author={Marglin, Stephen A.},
  journal={Review of Radical Political Economics},
  volume={6},
  number={2},
  pages={60--112},
  year={1974},
  publisher={Sage Publications Sage CA: Thousand Oaks, CA}
}

@article{clark1994factory,
  title={{Factory Discipline}},
  author={Clark, Gregory},
  journal={Journal of Economic History},
  volume={54},
  number={1},
  pages={128--163},
  year={1994},
  publisher={Cambridge University Press}
}

@Article{Banerjee2007,
  author  = {Banerjee, Abhijit V. and Duflo, Esther},
  title   = {{The Economic Lives of the Poor}},
  journal = {Journal of Economic Perspectives},
  year    = {2007},
  volume  = {21},
  number  = {1},
  pages   = {141--168},
}

@article{mas2017valuing,
  title={{Valuing Alternative Work Arrangements}},
  author={Mas, Alexandre and Pallais, Amanda},
  journal={American Economic Review},
  volume={107},
  number={12},
  pages={3722--3759},
  year={2017}
}

@article{kremer2005teacher,
  title={{Teacher Absence in India: A Snapshot}},
  author={Kremer, Michael and Chaudhury, Nazmul and Rogers, F. Halsey and Muralidharan, Karthik and Hammer, Jeffrey},
  journal={Journal of the European Economic Association},
  volume={3},
  number={2-3},
  pages={658--667},
  year={2005},
  publisher={Oxford University Press}
}

@article{harris1970migration,
  title={{Migration, Unemployment and Development: A Two-Sector Analysis}},
  author={Harris, John R. and Todaro, Michael P.},
  journal={American Economic Review},
  volume={60},
  number={1},
  pages={126--142},
  year={1970},
  publisher={JSTOR}
}

@article{blattman2018impacts,
  title={{The Impacts of Industrial and Entrepreneurial Work on Income and Health: Experimental Evidence from Ethiopia}},
  author={Blattman, Christopher and Dercon, Stefan},
  journal={American Economic Journal: Applied Economics},
  volume={10},
  number={3},
  pages={1--38},
  year={2018}
}

@article{fafchamps1993sequential,
  title={{Sequential Labor Decisions Under Uncertainty: An Estimable Household Model of West-African Farmers}},
  author={Fafchamps, Marcel},
  journal={Econometrica},
  volume = {61},
  number = {5},
  pages={1173--1197},
  year={1993},
  publisher={JSTOR}
}

@article{bick2018hours,
  title={{How Do Hours Worked Vary with Income? Cross-Country Evidence and Implications}},
  author={Bick, Alexander and Fuchs-Sch{\"u}ndeln, Nicola and Lagakos, David},
  journal={American Economic Review},
  volume={108},
  number={1},
  pages={170--199},
  year={2018}
}

@article{kaur2014nominal,
  title={{Nominal Wage Rigidity in Village Labor Markets}},
  author={Kaur, Supreet},
  year={2019},
  journal={American Economic Review (forthcoming)}
}
@article{frederick2002,
    title={{Time Discounting and Time Preference: A Critical Review}},
    author={Frederick, Shane and Loewenstein, George and O'Donoghue, Ted},
    journal={Journal of Economic Literature},
    volume={40},
    number={2},
    pages={351--401},
    year={2002}
}

@incollection{finan2017personnel,
  title={{The Personnel Economics of the Developing State}},
  author={Finan, Frederico and Olken, Benjamin A. and Pande, Rohini},
  booktitle={Handbook of Economic Field Experiments},
  editor = {Banerjee, Abhijit V. and Duflo, Esther},
  volume={2},
  pages={467--514},
  year={2017},
  address = {Amsterdam},
  publisher={Elsevier/North-Holland}
}

@article{beaman2012gets,
  title={{Who Gets the Job Referral? Evidence From a Social Networks Experiment}},
  author={Beaman, Lori and Magruder, Jeremy},
  journal={American Economic Review},
  volume={102},
  number={7},
  pages={3574--3593},
  year={2012}
}

@article{kaur2015self,
  title={{Self-Control at Work}},
  author={Kaur, Supreet and Kremer, Michael and Mullainathan, Sendhil},
  journal={Journal of Political Economy},
  volume={123},
  number={6},
  pages={1227--1277},
  year={2015},
  publisher={University of Chicago Press Chicago, IL}
}

@article{lucas1969real,
  title={{Real Wages, Employment, and Inflation}},
  author={Lucas, Jr., Robert E. and Rapping, Leonard A.},
  journal={Journal of Political Economy},
  volume={77},
  number={5},
  pages={721--754},
  year={1969},
  publisher={The University of Chicago Press}
}

@article{dupas2018daily,
  title={{The Daily Grind: Cash Needs and Labor Supply}},
  author={Dupas, Pascaline and Robinson, Jonathan and Saavedra, Santiago},
  journal={mimeo},
  year={2018}
}

@article{gine2017labor,
  title={{Are Labor Supply Decisions Consistent with Neoclassical Preferences? Evidence from Indian Boat Owners}},
  author={Gin{\'e}, Xavier and Martinez-Bravo, Monica and Vidal-Fern{\'a}ndez, Marian},
  journal={Journal of Economic Behavior \& Organization},
  volume={142},
  pages={331--347},
  year={2017},
  publisher={Elsevier}
}


@article{farber2005tomorrow,
  title={{Is Tomorrow Another Day? The Labor Supply of New York City Cabdrivers}},
  author={Farber, Henry S.},
  journal={Journal of Political Economy},
  volume={113},
  number={1},
  pages={46--82},
  year={2005},
  publisher={The University of Chicago Press}
}

@Article{farber2015you,
  author  = {Farber, Henry S.},
  title   = {{Why You Can’t Find a Taxi in the Rain and Other Labor Supply Lessons from Cab Drivers}},
  journal = {Quarterly Journal of Economics},
  year    = {2015},
  volume  = {130},
  number  = {4},
  pages   = {1975--2026},
}

@article{diamond2013executive,
  title={{Executive Functions}},
  author={Diamond, Adele},
  journal={Annual Review of Psychology},
  volume={64},
  pages={135--168},
  year={2013}
}

@Article{dellavigna2017motivates,
  author  = {DellaVigna, Stefano and Pope, Devin},
  title   = {{What Motivates Effort? Evidence and Expert Forecasts}},
  journal = {Review of Economic Studies},
  year    = {2017},
  volume  = {85},
  number  = {2},
  pages   = {1029--1069}
}

@article{adhvaryu2018light,
  title={{The Light and the Heat: Productivity Co-Benefits of Energy-Saving Technology}},
  author={Adhvaryu, Achyuta and Kala, Namrata and Nyshadham, Anant},
  year={2018},
  journal={NBER Working Paper No.\ 24314}
}

@Article{kahneman1986fairness,
  author  = {Kahneman, Daniel and Knetsch, Jack L. and Thaler, Richard},
  title   = {{Fairness as a Constraint on Profit Seeking: Entitlements in the Market}},
  journal = {American Economic Review},
  volume = {76},
  number = {4},
  year    = {1986},
  pages   = {728--741},
}

@article{brezascabs,
  author = {Breza, Emily and Kaur, Supreet and Krishnaswamy, Nandita},
  title  = {{Scabs: The Social Suppression of Labor Supply}},
  journal={mimeo},
  year   = {2018}
}

@article{card2012inequality,
  title={{Inequality at Work: The Effect of Peer Salaries on Job Satisfaction}},
  author={Card, David and Mas, Alexandre and Moretti, Enrico and Saez, Emmanuel},
  journal={American Economic Review},
  volume={102},
  number={6},
  pages={2981--3003},
  year={2012}
}

@article{breza2017morale,
  title={{The Morale Effects of Pay Inequality}},
  author={Breza, Emily and Kaur, Supreet and Shamdasani, Yogita},
  journal={Quarterly Journal of Economics},
  volume={133},
  number={2},
  pages={611--663},
  year={2018},
  publisher={Oxford University Press}
}

@Article{duflo2012incentives,
  author  = {Duflo, Esther and Hanna, Rema and Ryan, Stephen P.},
  title   = {{Incentives Work: Getting Teachers to Come to School}},
  journal = {American Economic Review},
  year    = {2012},
  volume  = {102},
  number  = {4},
  pages   = {1241--1278},
}

@Article{muralidharan2011teacher,
  author    = {Muralidharan, Karthik and Sundararaman, Venkatesh},
  title     = {{Teacher Performance Pay: Experimental Evidence From India}},
  journal   = {Journal of Political Economy},
  year      = {2011},
  volume    = {119},
  number    = {1},
  pages     = {39--77},
  publisher = {University of Chicago Press Chicago, IL},
}

@article{holmstrom1991multitask,
  title={{Multitask Principal-Agent Analyses: Incentive Contracts, Asset Ownership, and Job Design}},
  author={Holmstrom, Bengt and Milgrom, Paul},
  journal={Journal of Law, Economics \& Organization},
  volume={7},
  number = {Special Issue},
  pages={24--52},
  year={1991},
  publisher={HeinOnline}
}

@article{glewwe2010teacher,
  title={{Teacher Incentives}},
  author={Glewwe, Paul and Ilias, Nauman and Kremer, Michael},
  journal={American Economic Journal: Applied Economics},
  volume={2},
  number={3},
  pages={205--227},
  year={2010}
}



@Article{platinum,
  author  = {Bursztyn, Leonardo and Ferman, Bruno and Fiorin, Stefano and Kanz, Martin and Rao, Gautam},
  title   = {Status Goods: Experimental Evidence from Platinum Credit Cards},
  journal = {The Quarterly Journal of Economics},
  year    = {2018},
}


@article{ashraf2018social,
  title={{Social Incentives in Organizations}},
  author={Ashraf, Nava and Bandiera, Oriana},
  journal={Annual Review of Economics},
  volume={10},
  pages={439--463},
  year={2018},
  publisher={Annual Reviews 4139 El Camino Way, PO Box 10139, Palo Alto, California 94303-0139, USA}
}

@article{ashraf2014no,
  title={{No Margin, No Mission? A Field Experiment on Incentives for Public Service Delivery}},
  author={Ashraf, Nava and Bandiera, Oriana and Jack, B. Kelsey},
  journal={Journal of Public Economics},
  volume={120},
  pages={1--17},
  year={2014},
  publisher={Elsevier}
}

@article{deci1971effects,
  title={{Effects of Externally Mediated Rewards on Intrinsic Motivation}},
  author={Deci, Edward L.},
  journal={Journal of Personality and Social Psychology},
  volume={18},
  number={1},
  pages={105--115},
  year={1971},
  publisher={American Psychological Association}
}

@article{benabou2003intrinsic,
  title={{Intrinsic and Extrinsic Motivation}},
  author={B{\'e}nabou, Roland and Tirole, Jean},
  journal={Review of Economic Studies},
  volume={70},
  number={3},
  pages={489--520},
  year={2003},
  publisher={Oxford University Press}
}

@article{benabou2006incentives,
  title={{Incentives and Prosocial Behavior}},
  author={B{\'e}nabou, Roland and Tirole, Jean},
  journal={American Economic Review},
  volume={96},
  number={5},
  pages={1652--1678},
  year={2006}
}

@article{lacetera2013economic,
  title={{Economic Rewards to Motivate Blood Donations}},
  author={Lacetera, Nicola and Macis, Mario and Slonim, Robert},
  journal={Science},
  volume={340},
  number={6135},
  pages={927--928},
  year={2013},
  publisher={American Association for the Advancement of Science}
}

@article{akerlof2005identity,
  title={{Identity and the Economics of Organizations}},
  author={Akerlof, George A. and Kranton, Rachel E.},
  journal={Journal of Economic Perspectives},
  volume={19},
  number={1},
  pages={9--32},
  year={2005}
}

@article{besley2005competition,
  title={{Competition and Incentives with Motivated Agents}},
  author={Besley, Timothy and Ghatak, Maitreesh},
  journal={American Economic Review},
  volume={95},
  number={3},
  pages={616--636},
  year={2005}
}

@article{akerlof1982labor,
  title={{Labor Contracts as Partial Gift Exchange}},
  author={Akerlof, George A.},
  journal={Quarterly Journal of Economics},
  volume={97},
  number={4},
  pages={543--569},
  year={1982},
  publisher={MIT Press}
}

@article{gneezy2006putting,
  title={{Putting Behavioral Economics to Work: Testing for Gift Exchange in Labor Markets using Field Experiments}},
  author={Gneezy, Uri and List, John A.},
  journal={Econometrica},
  volume={74},
  number={5},
  pages={1365--1384},
  year={2006},
  publisher={Wiley Online Library}
}

@article{dellavigna2016voting,
  title={{Voting to Tell Others}},
  author={DellaVigna, Stefano and List, John A. and Malmendier, Ulrike and Rao, Gautam},
  journal={Review of Economic Studies},
  volume={84},
  number={1},
  pages={143--181},
  year={2016}
}

@article{esteves2017gift,
  title={{Gift Exchange in the Workplace: Addressing the Conflicting Evidence with a Careful Test}},
  author={Esteves-Sorenson, Constanca},
  journal={Management Science},
  volume = {64},
  number = {9},
  pages = {4365--4388},
  year={2017},
  publisher={INFORMS}
}

@article{ree2016double,
  title={{Double for Nothing? The Effects of Unconditional Teacher Salary Increases in Indonesia}},
  author={de Ree, Joppe and Muralidharan, Karthik and Pradhan, Menno and Rogers, Halsey},
  journal={Quarterly Journal of Economics},
  volume = {133},
  number = {2},
  pages = {923--1039},
  year={2018}
}

@article{jayaraman2016anatomy,
  title={{Anatomy of a Contract Change}},
  author={Jayaraman, Rajshri and Ray, Debraj and de V{\'e}ricourt, Francis},
  journal={American Economic Review},
  volume={106},
  number={2},
  pages={316--358},
  year={2016}
}

@article{dal2013strengthening,
  title={{Strengthening State Capabilities: The Role of Financial Incentives in the Call to Public Service}},
  author={Dal B{\'o}, Ernesto and Finan, Frederico and Rossi, Mart{\'\i}n A.},
  journal={Quarterly Journal of Economics},
  volume={128},
  number={3},
  pages={1169--1218},
  year={2013},
  publisher={MIT Press}
}

@article{ashraf2018losing,
  title={{Losing Prosociality in the Quest for Talent? Sorting, Selection, and Productivity in the Delivery of Public Services}},
  author={Ashraf, Nava and Bandiera, Oriana and Lee, Scott},
  year={2018},
  journal={London School of Economics and Political Science Working Paper}
}

@article{deserranno2017financial,
  title={{Financial Incentives as Signals: Experimental Evidence from the Recruitment of Village Promoters in Uganda}},
  author={Deserranno, Erika},
  journal={American Economic Journal: Applied Economics(forthcoming)},
  year={2019}
}

@article{duflo2012women,
  title={{Women Empowerment and Economic Development}},
  author={Duflo, Esther},
  journal={Journal of Economic Literature},
  volume={50},
  number={4},
  pages={1051--1079},
  year={2012}
}

@article{fletcher2017women,
  title={{Women and Work in India: Descriptive Evidence and a Review of Potential Policies}},
  author={Fletcher, Erin and Pande, Rohini and Moore, Charity Maria Troyer},
  journal={Harvard Kennedy School Faculty Research Working Paper RWP18-004},
  year={2017}
}

@article{hsieh2018allocation,
  title={{The Allocation of Talent and U.S. Economic Growth}},
  author={Hsieh, Chang-Tai and Hurst, Erik and Jones, Charles I. and Klenow, Peter J.},
  journal={NBER Working Paper No.\ 18693},
  year={2018},
}

@article{qian2008missing,
  title={{Missing Women and the Price of Tea in China: The Effect of Sex-Specific Earnings on Sex Imbalance}},
  author={Qian, Nancy},
  journal={Quarterly Journal of Economics},
  volume={123},
  number={3},
  pages={1251--1285},
  year={2008},
  publisher={MIT Press}
}

@article{mckelway2018women,
  title={{Women’s Self-Efficacy and Women’s Employment: Experimental Evidence From India}},
  author={McKelway, Madeline},
  year={2018},
  journal = {mimeo}
}

@article{bursztyn2018misperceived,
  title={{Misperceived Social Norms: Female Labor Force Participation in Saudi Arabia}},
  author={Bursztyn, Leonardo and Gonz{\'a}lez, Alessandra L. and Yanagizawa-Drott, David},
  year={2018},
  journal={NBER Working Paper No.\ 24736}
}

@article{alesina2011fertility,
  title={Fertility and the Plough},
  author={Alesina, Alberto and Giuliano, Paola and Nunn, Nathan},
  journal={American Economic Review},
  volume={101},
  number={3},
  pages={499--503},
  year={2011}
}

@article{abebe2017selection,
  title={{The Selection of Talent: Experimental and Structural Evidence From Ethiopia}},
  author={Abebe, G. and Caria, S. and Ortiz-Ospina, E.},
  year={2017},
  journal={mimeo}
}

@incollection{heidhues2018behavioral,
  title={{Behavioral Industrial Oganization}},
  author={Heidhues, Paul and Koszegi, Botond},
  booktitle={Handbook of Behavioral Economics: Foundations and Applications 1},
  volume={1},
  editor = {Bernheim, B. Douglas and DellaVigna, Stefano and Laibson, David},
  publisher={Elsevier/North-Holland},
  address={Amsterdam},
  year={2018}
}

@article{lucas1978size,
  title={{On the Size Distribution of Business Firms}},
  author={Lucas, Jr., Robert E.},
  journal={Bell Journal of Economics},
  volume = {9},
  number = {2},
  pages={508--523},
  year={1978},
  publisher={JSTOR}
}

@article{cooper2005two,
  title={{Are Two Heads Better Than One? Team Versus Individual Play in Signaling Games}},
  author={Cooper, David J. and Kagel, John H.},
  journal={American Economic Review},
  volume={95},
  number={3},
  pages={477--509},
  year={2005}
}

@article{charness2012groups,
  title={{Groups Make Better Self-Interested Decisions}},
  author={Charness, Gary and Sutter, Matthias},
  journal={Journal of Economic Perspectives},
  volume={26},
  number={3},
  pages={157--176},
  year={2012}
}

@article{kugler2012groups,
  title={{Are Groups More Rational Than Individuals? A Review of Interactive Decision Making in Groups}},
  author={Kugler, Tamar and Kausel, Edgar E. and Kocher, Martin G.},
  journal={Wiley Interdisciplinary Reviews: Cognitive Science},
  volume={3},
  number={4},
  pages={471--482},
  year={2012},
  publisher={Wiley Online Library}
}

@article{hsieh2014missing,
  title={{The Missing `Missing Middle'}},
  author={Hsieh, Chang-Tai and Olken, Benjamin A.},
  journal={Journal of Economic Perspectives},
  volume={28},
  number={3},
  pages={89--108},
  year={2014}
}

@article{tybout2000manufacturing,
  title={{Manufacturing Firms in Developing Countries: How Well Do They Do, and Why?}},
  author={Tybout, James R.},
  journal={Journal of Economic Literature},
  volume={38},
  number={1},
  pages={11--44},
  year={2000}
}

@article{lopez1984estimating,
  title={{Estimating Labor Supply and Production Decisions of Self-Employed Farm Producers}},
  author={Lopez, Ramon E.},
  journal={European Economic Review},
  volume={24},
  number={1},
  pages={61--82},
  year={1984},
  publisher={Elsevier}
}

@article{grimard2000rural,
  title={{Rural Labor Markets, Household Composition, and Rainfall in C{\^o}te d’Ivoire}},
  author={Grimard, Franque},
  journal={Review of Development Economics},
  volume={4},
  number={1},
  pages={70--86},
  year={2000},
  publisher={Wiley Online Library}
}

@article{le2010separation,
  title={{Separation Hypothesis Tests in the Agricultural Household Model}},
  author={Le, Kien T.},
  journal={American Journal of Agricultural Economics},
  volume={92},
  number={5},
  pages={1420--1431},
  year={2010},
  publisher={Oxford University Press}
}

@Article{adhvaryu2016management,
  author = {Adhvaryu, Achyuta and Kala, Namrata and Nyshadham, Anant},
  title  = {{Management and Shocks to Worker Productivity}},
  year   = {2016},
  journal = {mimeo}
}

@article{dellavigna2017uniform,
  title={{Uniform Pricing in US Retail Chains}},
  author={DellaVigna, Stefano and Gentzkow, Matthew},
  year={2017},
  journal={NBER Working Paper No.\ 23996}
}

@article{adhvaryu2018skills,
  title={{The Skills to Pay the Bills: Returns to On-The-Job Soft Skills Training}},
  author={Adhvaryu, Achyuta and Kala, Namrata and Nyshadham, Anant},
  year={2018},
  journal={NBER Working Paper No.\ 24313}
}

@article{hjort2014ethnic,
  title={{Ethnic Divisions and Production in Firms}},
  author={Hjort, Jonas},
  journal={Quarterly Journal of Economics},
  volume={129},
  number={4},
  pages={1899--1946},
  year={2014}
}

@article{bruhn2018impact,
  title={{The Impact of Consulting Services on Small and Medium Enterprises: Evidence from a Randomized Trial in Mexico}},
  author={Bruhn, Miriam and Karlan, Dean and Schoar, Antoinette},
  journal={Journal of Political Economy},
  volume={126},
  number={2},
  pages={635--687},
  year={2018},
  publisher={University of Chicago Press Chicago, IL}
}

@article{ilias2006families,
  title={{Families and Firms: Agency Costs and Labor Market Imperfections in Sialkot's Surgical Industry}},
  author={Ilias, Nauman},
  journal={Journal of Development Economics},
  volume={80},
  number={2},
  pages={329--349},
  year={2006},
  publisher={Elsevier}
}

@article{bertrand2008mixing,
  title={{Mixing Family with Business: A Study of Thai Business Groups and the Families behind Them}},
  author={Bertrand, Marianne and Johnson, Simon and Samphantharak, Krislert and Schoar, Antoinette},
  journal={Journal of Financial Economics},
  volume={88},
  number={3},
  pages={466--498},
  year={2008},
  publisher={Elsevier}
}


%%% 10.	The Psychology of Poverty
@article{hsiaw2013goal,
  title={{Goal-Setting and Self-Control}},
  author={Hsiaw, Alice},
  journal={Journal of Economic Theory},
  volume={148},
  number={2},
  pages={601--626},
  year={2013},
  publisher={Elsevier}
}

@article{ong2018reducing,
  title={{Reducing Debt Improves Psychological Functioning and Changes Decision Making in the Poor}},
  author={Ong, Qiyan and Theseira, Walter and Y.H. Ng, Irene},
  year={2018},
  journal = {mimeo}
}

@article{schilbach2018does,
  title={{Does Poverty Lower Productivity?}},
  author={Kaur, Supreet and Mullainathan, Sendhil and Oh, Suanna and Schilbach, Frank},
  year={2018},
  journal={mimeo}
}

@article{dequidt2018the,
  title={{The Economic Consequences of Depression}},
  author={de Quidt, Jonathan and Haushofer, Johannes and Rao, Gautam and Schilbach, Frank and Vautrey, Pierre-Luc},
  year={2018},
  journal={mimeo}
}

@article{rao2018sleepless,
  title={{Sleepless in Chennai: The Economic Effects of Sleep Deprivation among the Poor}},
  author={Bessone, Pedro, and Rao, Gautam and Schilbach, Frank and Schofield, Heather, and Toma, Mattie},
  year={2018},
  journal={mimeo}
}

@article{chang2016effect,
  title={{The Effect of Pollution on Worker Productivity: Evidence From Call-Center Workers in China}},
  author={Chang, Tom and Zivin, Joshua Graff and Gross, Tal and Neidell, Matthew},
  journal={NBER Working Paper No.\ 22328},
  year={2016}
}

@article{patel2007alcohol,
  title={{Alcohol Use and Mental Health in Developing Countries}},
  author={Patel, Vikram},
  journal={Annals of Epidemiology},
  volume={17},
  number={5},
  pages={S87--S92},
  year={2007},
  publisher={Elsevier}
}

@article{haushofer2015stress,
  title={{Stress and Temporal Discounting: Do Domains Matter?}},
  author={Haushofer, Johannes and Jang, Chaning and Lynham, John and Abraham, Justin},
  year={2018},
  journal={mimeo},
}

@article{fao2018state,
  title={{The State of Food Security and Nutrition in the World 2018: Building Climate Resilience for Food Security and Nutrition}},
  author={Food and Agriculture Organization of the United Nations (FAO)},
  year={2018},
  publisher={Food and Agriculture Organization of the United Nations}
}

@article{bartos2018effects,
  title={{Effects of Poverty on Impatience: Preferences or Inattention?}},
  author={Bartos, Vojtech and Bauer, Michal and Chytilov{\'a}, Julie and Levely, Ian},
  journal={mimeo},
  year={2018}
}

@article{bertrand2004behavioral,
  title={{A Behavioral-Economics View of Poverty}},
  author={Bertrand, Marianne and Mullainathan, Sendhil and Shafir, Eldar},
  journal={American Economic Review},
  volume={94},
  number={2},
  pages={419--423},
  year={2004}
}

@article{haushofer2014psychology,
  title={{On the Psychology of Poverty}},
  author={Haushofer, Johannes and Fehr, Ernst},
  journal={Science},
  volume={344},
  number={6186},
  pages={862--867},
  year={2014},
  publisher={American Association for the Advancement of Science}
}

@book{sen1985commodities,
  title={{Commodities and Capabilities}},
  author={Sen, Amartya},
  publisher = {North-Holland},
  address = {Amsterdam and New York},
  year={1985}
}

@article{duflo2012human,
  title={{Human Values and the Design of the Fight Against Poverty}},
  author={Duflo, Esther},
  journal={Tanner Lectures},
  pages={1--55},
  year={2012}
}

@article{dean2018,
  title={{Noise, Cognitive Function, and Worker Productivity}},
  author={Joshua T. Dean},
  year={2018},
  journal={mimeo}
}
    

@article{clingingsmith2009estimating,
  title={{Estimating the Impact of the Hajj: Religion and Tolerance in Islam's Global Gathering}},
  author={Clingingsmith, David and Khwaja, Asim Ijaz and Kremer, Michael},
  journal={Quarterly Journal of Economics},
  volume={124},
  number={3},
  pages={1133--1170},
  year={2009},
  publisher={MIT Press}
}

@article{patel2017healthy,
  title={{The Healthy Activity Program (HAP), a Lay Counsellor-Delivered Brief Psychological Treatment for Severe Depression, in Primary Care in India: A Randomised Controlled Trial}},
  author={Patel, Vikram and Weobong, Benedict and Weiss, Helen A. and Anand, Arpita and Bhat, Bhargav and Katti, Basavraj and Dimidjian, Sona and Araya, Ricardo and Hollon, Steve D. and King, Michael and Vijayakumar, Lakshmi and Park, A-La and McDaid, David and Wilson, Terry and Velleman, Richard and Kirkwood, Betty R. and Fairburn, Christopher G.},
  journal={The Lancet},
  volume={389},
  number={10065},
  pages={176--185},
  year={2017},
  publisher={Elsevier}
}

@article{mani2017stigma,
  title={{Stigma, Discrimination and Self-Image: Evidence From Kolkata Brothels}},
  author={Ghosal, Sayantan, and Smarajit Jana, and Anandi Mani, and Sandip Mitra, and Sanchari Roy},
  year={2017},
  journal = {mimeo}
}

@article{hall2014self,
  title={{Self-Affirmation Among the Poor: Cognitive and Behavioral Implications}},
  author={Hall, Crystal C. and Zhao, Jiaying and Shafir, Eldar},
  journal={Psychological Science},
  volume={25},
  number={2},
  pages={619--625},
  year={2014},
  publisher={Sage Publications Sage CA: Los Angeles, CA}
}

@incollection{dean2018poverty,
  title={{Poverty and Cognitive Function}},
  author={Dean, Emma Boswell and Schilbach, Frank and Schofield, Heather},
  editor={Barrett, Christopher B. and Carter, Michael R. and Chavas, Jean-Paul},
  booktitle={{The Economics of Poverty Traps}},
  year={2018},
  address = {Chicago},
  publisher={University of Chicago Press}
}

@article{baranov2017maternal,
  title={{Maternal Depression, Women’s Empowerment, and Parental Investment: Evidence From a Large Randomized Control Trial}},
  author={Baranov, Victoria and Bhalotra, Sonia R. and Biroli, Pietro and Maselko, Joanna},
  year={2017},
  journal={IZA Discussion Paper}
}

@book{mullainathan2013scarcity,
  title={{Scarcity: Why Having Too Little Means So Much}},
  author={Mullainathan, Sendhil and Shafir, Eldar},
  year={2013},
  publisher={Macmillan},
  address = {New York}
}

@article{shah2018money,
  title={{Money in the Mental Lives of the Poor}},
  author={Shah, Anuj K. and Zhao, Jiaying and Mullainathan, Sendhil and Shafir, Eldar},
  journal={Social Cognition},
  volume={36},
  number={1},
  pages={4--19},
  year={2018},
  publisher={Guilford Press}
}

@article{goldin2013smoke,
  title={{Smoke Gets in Your Eyes: Cigarette Tax Salience and Regressivity}},
  author={Goldin, Jacob and Homonoff, Tatiana},
  journal={American Economic Journal: Economic Policy},
  volume={5},
  number={1},
  pages={302--336},
  year={2013}
}

@article{shah2015scarcity,
  title={{Scarcity Frames Value}},
  author={Shah, Anuj K. and Shafir, Eldar and Mullainathan, Sendhil},
  journal={Psychological Science},
  volume={26},
  number={4},
  pages={402--412},
  year={2015},
  publisher={Sage Publications Sage CA: Los Angeles, CA}
}

@article{dohmen2010risk,
  title={{Are Risk Aversion and Impatience Related to Cognitive Ability?}},
  author={Dohmen, Thomas and Falk, Armin and Huffman, David and Sunde, Uwe},
  journal={American Economic Review},
  volume={100},
  number={3},
  pages={1238--1260},
  year={2010}
}

@article{kuncel2010fact,
  title={{Fact and Fiction in Cognitive Ability Testing for Admissions and Hiring Decisions}},
  author={Kuncel, Nathan R. and Hezlett, Sarah A.},
  journal={Current Directions in Psychological Science},
  volume={19},
  number={6},
  pages={339--345},
  year={2010},
  publisher={Sage Publications Sage CA: Los Angeles, CA}
}

@article{batty2009iq,
  title={{IQ in Early Adulthood and Mortality by Middle Age: Cohort Study of 1 Million Swedish Men}},
  author={Batty, G. David and Wennerstad, Karin Modig and Smith, George Davey and Gunnell, David and Deary, Ian J. and Tynelius, Per and Rasmussen, Finn},
  journal={Epidemiology},
  volume={20},
  number={1},
  pages={100--109},
  year={2009},
  publisher={JSTOR}
}

@article{ervik2003iq,
  title={{IQ and the Wealth of Nations}},
  author={Ervik, Astrid Oline},
  journal={Economic Journal},
  volume={113},
  number={488},
  pages={F406--F408},
  year={2003}
}

@article{nisbett1991person,
  title={The Person and the Situation},
  author={Nisbett, Richard and Ross, Lee},
  journal={NY: McGraw Hill},
  year={1991}
}

@article{borghans2008economics,
  title={{The Economics and Psychology of Personality Traits}},
  author={Borghans, Lex and Duckworth, Angela Lee and Heckman, James J. and Ter Weel, Bas},
  journal={Journal of Human Resources},
  volume={43},
  number={4},
  pages={972--1059},
  year={2008},
  publisher={University of Wisconsin Press}
}

@article{carvalho2016poverty,
  title={{Poverty and Economic Decision-Making: Evidence from Changes in Financial Resources at Payday}},
  author={Carvalho, Leandro S. and Meier, Stephan and Wang, Stephanie W.},
  journal={American Economic Review},
  volume={106},
  number={2},
  pages={260--284},
  year={2016}
}

@article{schilbach2016psychological,
  title={The Psychological Lives of the Poor},
  author={Schilbach, Frank and Schofield, Heather and Mullainathan, Sendhil},
  journal={American Economic Review},
  volume={106},
  number={5},
  pages={435--440},
  year={2016}
}

@article{grandner2010gets,
  title={{Who Gets the Best Sleep? Ethnic and Socioeconomic Factors Related to Sleep Complaints}},
  author={Grandner, Michael A. and Patel, Nirav P. and Gehrman, Philip R. and Xie, Dawei and Sha, Daohang and Weaver, Terri and Gooneratne, Nalaka},
  journal={Sleep Medicine},
  volume={11},
  number={5},
  pages={470--478},
  year={2010},
  publisher={Elsevier}
}

@article{patel2010sleep,
  title={{`Sleep Disparity' in the Population: Poor Sleep Quality Is Strongly Associated With Poverty and Ethnicity}},
  author={Patel, Nirav P. and Grandner, Michael A. and Xie, Dawei and Branas, Charles C. and Gooneratne, Nalaka},
  journal={BMC Public Health},
  volume={10},
  number={1},
  pages={475},
  year={2010},
  publisher={BioMed Central}
}

@article{harlan2006neighborhood,
  title={{Neighborhood Microclimates and Vulnerability to Heat Stress}},
  author={Harlan, Sharon L. and Brazel, Anthony J. and Prashad, Lela and Stefanov, William L. and Larsen, Larissa},
  journal={Social Science \& Medicine},
  volume={63},
  number={11},
  pages={2847--2863},
  year={2006},
  publisher={Elsevier}
}

@article{krueger2008assessment,
  title={{Assessment of Pain: A Community-Based Diary Survey in the USA}},
  author={Krueger, Alan B. and Stone, Arthur A.},
  journal={The Lancet},
  volume={371},
  number={9623},
  pages={1519--1525},
  year={2008},
  publisher={Elsevier}
}

@article{poleshuck2008socioeconomic,
  title={{Socioeconomic Disadvantage and Pain}},
  author={Poleshuck, Ellen L. and Green, Carmen R.},
  journal={Pain},
  volume={136},
  number={3},
  pages={235--238},
  year={2008},
  publisher={NIH Public Access}
}

@article{case2015suicide,
  title={{Suicide, Age, and Wellbeing: An Empirical Investigation}},
  author={Case, Anne and Deaton, Angus},
  journal={NBER Working Paper No.\ 21279},
  year={2015}
}

@article{neufeld2005regular,
  title={{Regular Use of Alcohol and Tobacco in India and Its Association With Age, Gender, and Poverty}},
  author={Neufeld, Karin J. and Peters, David H. and Rani, Manju and Bonu, Sekhar and Brooner, Robert K.},
  journal={Drug and Alcohol Dependence},
  volume={77},
  number={3},
  pages={283--291},
  year={2005},
  publisher={Elsevier}
}

@article{subramanian2005role,
  title={{Role of Socioeconomic Markers and State Prohibition Policy in Predicting Alcohol Consumption Among Men and Women in India: A Multilevel Statistical Analysis}},
  author={Subramanian, S.V. and Nandy, Shailen and Irving, Michelle and Gordon, David and Smith, George Davey},
  journal={Bulletin of the World Health Organization},
  volume={83},
  pages={829--836},
  year={2005},
  publisher={SciELO Public Health}
}

@book{who2015,
    year={2015},
    author={{WHO}},
    title={{Noncommunicable Diseases Progress Monitor 2015}},
    publisher = {World Health Organization}
}

@article{Chandrasekhar2018,
  author      = {Chandrasekhar, Arun G. and Golub, Benjamin and Yang, He},
  title       = {{Signaling, Shame, and Silence in Social Learning}},
  journal = {NBER Working Paper No.\ 25169},
  year        = {2018}
}


@article{Banerjee2018,
  author      = {Banerjee, Abhijit and Breza, Emily and Chandrasekhar, Arun G. and Golub, Benjamin and Yang, He},
  title       = {{When Less is More: Experimental Evidence on Information Delivery During India's Demonetization}},
  journal = {mimeo},
  year        = {2018}
}

@article{schofield2014economic,
  title={{The Economic Costs of Low Caloric Intake: Evidence From India}},
  author={Schofield, Heather},
  year={2014},
  journal = {mimeo}
}

@article{graff2012impact,
  title={{The Impact of Pollution on Worker Productivity}},
  author={Graff Zivin, Joshua and Neidell, Matthew},
  journal={American Economic Review},
  volume={102},
  number={7},
  pages={3652--3673},
  year={2012}
}

@article{goodman2018heat,
  title={{Heat and Learning}},
  author={Goodman, Joshua and Hurwitz, Michael and Park, Jisung and Smith, Jonathan},
  journal={NBER Working Paper No.\ 24639},
  year={2018}
}

@article{jagnani2018poor,
  title={{\it{Poor} Sleep: Sunset Time and Human Capital Production}},
  author={Jagnani, Maulik},
  journal={mimeo},
  year={2018}
}

@article{anderson2010bargaining,
  title={{Bargaining and Trust: The Effects of 36-H Total Sleep Deprivation on Socially Interactive Decisions}},
  author={Anderson, Clare and Dickinson, David L.},
  journal={Journal of Sleep Research},
  volume={19},
  number={1-Part-I},
  pages={54--63},
  year={2010},
  publisher={Wiley Online Library}
}

@article{koppel2017effect,
  title={{The Effect of Acute Pain on Risky and Intertemporal Choice}},
  author={Koppel, Lina and Andersson, David and Posadzy, Kinga and V{\"a}stfj{\"a}ll, Daniel and Tingh{\"o}g, Gustav},
  journal={Experimental Economics},
  volume={20},
  number={4},
  pages={878--893},
  year={2017},
  publisher={Springer}
}

@article{das2007mental,
  title={{Mental Health and Poverty in Developing Countries: Revisiting the Relationship}},
  author={Das, Jishnu and Do, Quy-Toan and Friedman, Jed and McKenzie, David and Scott, Kinnon},
  journal={Social Science \& Medicine},
  volume={65},
  number={3},
  pages={467--480},
  year={2007},
  publisher={Elsevier}
}

@article{patel2003poverty,
  title={{Poverty and Common Mental Disorders in Developing Countries}},
  author={Patel, Vikram and Kleinman, Arthur},
  journal={Bulletin of the World Health Organization},
  volume={81},
  pages={609--615},
  year={2003},
  publisher={SciELO Public Health}
}

@article{lund2010poverty,
  title={{Poverty and Common Mental Disorders in Low and Middle Income Countries: A Systematic Review}},
  author={Lund, Crick and Breen, Alison and Flisher, Alan J. and Kakuma, Ritsuko and Corrigall, Joanne and Joska, John A. and Swartz, Leslie and Patel, Vikram},
  journal={Social Science \& Medicine},
  volume={71},
  number={3},
  pages={517--528},
  year={2010},
  publisher={Elsevier}
}

@article{bolton2003group,
  title={{Group Interpersonal Psychotherapy for Depression in Rural Uganda: A Randomized Controlled Trial}},
  author={Bolton, Paul and Bass, Judith and Neugebauer, Richard and Verdeli, Helen and Clougherty, Kathleen F. and Wickramaratne, Priya and Speelman, Liesbeth and Ndogoni, Lincoln and Weissman, Myrna},
  journal={Journal of the American Medical Association},
  volume={289},
  number={23},
  pages={3117--3124},
  year={2003},
  publisher={American Medical Association}
}

@article{fairburn2017impact,
  title={{The Impact of Digital Technology on Psychological Treatments and their Dissemination}},
  author={Fairburn, Christopher G. and Patel, Vikram},
  journal={Behaviour Research and Therapy},
  volume={88},
  pages={19--25},
  year={2017},
  publisher={Elsevier}
}

@article{blattman2017reducing,
  title={{Reducing Crime and Violence: Experimental Evidence from Cognitive Behavioral Therapy in Liberia}},
  author={Blattman, Christopher and Jamison, Julian C. and Sheridan, Margaret},
  journal={American Economic Review},
  volume={107},
  number={4},
  pages={1165--1206},
  year={2017}
}

@article{hawton2013risk,
  title={{Risk Factors for Suicide in Individuals with Depression: A Systematic Review}},
  author={Hawton, Keith and i Comabella, Carolina Casa{\~n}as and Haw, Camilla and Saunders, Kate},
  journal={Journal of Affective Disorders},
  volume={147},
  number={1-3},
  pages={17--28},
  year={2013},
  publisher={Elsevier}
}

@article{mann1999toward,
  title={{Toward a Clinical Model of Suicidal Behavior in Psychiatric Patients}},
  author={Mann, J. John and Waternaux, Christine and Haas, Gretchen L. and Malone, Kevin M.},
  journal={American Journal of Psychiatry},
  volume={156},
  number={2},
  pages={181--189},
  year={1999},
  publisher={Am Psychiatric Assoc}
}

@incollection{boldrini2015depression,
  title={{Depression and Suicide}},
  author={Boldrini, Maura and Mann, J. John},
  booktitle={Neurobiology of Brain Disorders},
  pages={709--729},
  year={2015},
  editor={Zigmond, Michael J. and Rowland, Lewis P. and Coyle, Joseph T.},
  address={London},
  publisher={Academic Press}
}

@article{christian2018income,
  title={{Income Shocks and Suicides: Causal Evidence From Indonesia}},
  author={Christian, Cornelius and Hensel, Lukas and Roth, Christopher},
  journal={Available at SSRN 2716684},
  year={2018}
}

@article{Haushofer2013,
  author  = {Haushofer, Johannes and Shapiro, Jeremy},
  title   = {{The Short-Term Impact of Unconditional Cash Transfers to the Poor: Experimental Evidence from Kenya}},
  journal = {Quarterly Journal of Economics},
  year    = {2016},
  volume = {131},
  number = {4},
  pages = {1973--2042}
}

@book{sen1999freedom,
  title={{Development as Freedom}},
  author={Sen, Amartya},
  year={1999},
  address = {Oxford},
  publisher={Oxford University Press}
}

@incollection{appadurai2004capacity,
  title={{The Capacity to Aspire: Culture and the Terms of Recognition}},
  editor={Rao, Vijayendra and Walton, Michael},
  booktitle = {{Culture and Public Action}},
  author={Appadurai, Arjun},
  year={2004},
  address={Stanford},
  publisher={Stanford University Press}
}

@article{genicot2017aspirations,
  title={{Aspirations and Inequality}},
  author={Genicot, Garance and Ray, Debraj},
  journal={Econometrica},
  volume={85},
  number={2},
  pages={489--519},
  year={2017},
  publisher={Wiley Online Library}
}

@incollection{ray2006aspirations,
  title={{Aspirations, Poverty, and Economic Change}},
  author={Ray, Debraj},
  booktitle = {{Understanding Poverty}},
  editor = {Banerjee, Abhijit V. and Benabou, Roland and Mookherjee, Dilip},
  publisher = {Oxford University Press},
  address = {New York},
  year={2006}
}

@article{dalton2015poverty,
  title={{Poverty and Aspirations Failure}},
  author={Dalton, Patricio S. and Ghosal, Sayantan and Mani, Anandi},
  journal={Economic Journal},
  volume={126},
  number={590},
  pages={165--188},
  year={2015},
  publisher={Oxford University Press Oxford, UK}
}

@article{lybbert2018poverty,
  title={{Poverty, Aspirations, and the Economics of Hope}},
  author={Lybbert, Travis J. and Wydick, Bruce},
  journal={Economic Development and Cultural Change},
  volume={66},
  number={4},
  pages={709--753},
  year={2018}
}

@article{de2016depression,
  title={{Depression for Economists}},
  author={de Quidt, Jonathan and Haushofer, Johannes},
  year={2016},
  journal={NBER Working Paper No.\ 22973}
}

@article{beaman2012female,
  title={{Female Leadership Raises Aspirations and Educational Attainment for Girls: A Policy Experiment in India}},
  author={Beaman, Lori and Duflo, Esther and Pande, Rohini and Topalova, Petia},
  journal={Science},
  pages={582--586},
  year={2012},
  volume = {335},
  number = {6068}
}

@article{tanguy2014future,
  title={{The Future in Mind: Aspirations and Forward-Looking Behaviour in Rural Ethiopia}},
  author={Bernard, Tanguy and Dercon, Stefan and Orkin, Kate and Taffesse, Alemayehu},
  year={2014},
  journal = {mimeo}
}

@Article{Banerjee2015,
  author    = {Banerjee, Abhijit and Duflo, Esther and Goldberg, Nathanael and Karlan, Dean and Osei, Robert and Parient{\'e}, William and Shapiro, Jeremy and Thuysbaert, Bram and Udry, Christopher},
  title     = {{A Multifaceted Program Causes Lasting Progress for the Very Poor: Evidence From Six Countries}},
  journal   = {Science},
  year      = {2015},
  volume    = {348},
  number    = {6236},
  pages     = {1260799},
  publisher = {American Association for the Advancement of Science},
}

@article{Sulaiman2013,
  title={{Improving Livelihood Using Livestock: Impact Evaluation of `Targeting Ultra-Poor' Programme in Afghanistan}},
  author={Sulaiman, Munshi and Barua, Proloy},
  year={2013}
}

@article{iannaccone1998introduction,
  title={{Introduction to the Economics of Religion}},
  author={Iannaccone, Laurence R.},
  journal={Journal of Economic Literature},
  volume={36},
  number={3},
  pages={1465--1495},
  year={1998},
  publisher={JSTOR}
}

@article{iyer2016new,
  title={{The New Economics of Religion}},
  author={Iyer, Sriya},
  journal={Journal of Economic Literature},
  volume={54},
  number={2},
  pages={395--441},
  year={2016}
}

@incollection{freeman1986escapes,
  title={{Who Escapes? The Relationship of Churchgoing and Other Background Factors to the Socioeconomic Performance of Black Male Youths From Inner-City Tracts}},
  author={Freeman, Richard B.},
  publisher = {University of Chicago Press},
  address = {Chicago},
  editor = {Freeman, Richard B. and Holzer, Harry J.},
  booktitle = {{The Black Youth Employment Crisis}},
  year={1986}
  }

@article{gruber2005religious,
  title={{Religious Market Structure, Religious Participation, and Outcomes: Is Religion Good for You?}},
  author={Gruber, Jonathan H.},
  journal={The B.E. Journal of Economic Analysis \& Policy},
  volume={5},
  number={1},
  year={2005},
  publisher={De Gruyter}
}

@article{ellison1991religious,
  title={{Religious Involvement and Subjective Well-Being}},
  author={Ellison, Christopher G.},
  journal={Journal of Health and Social Behavior},
  pages={80--99},
  volume={32},
  number={1},
  year={1991},
  publisher={JSTOR}
}

@article{gruber2008church,
  title={{The Church Versus the Mall: What Happens When Religion Faces Increased Secular Competition?}},
  author={Gruber, Jonathan and Hungerman, Daniel M.},
  journal={Quarterly Journal of Economics},
  volume={123},
  number={2},
  pages={831--862},
  year={2008},
  publisher={MIT Press}
}

@article{bryan2018randomizing,
  title={{Randomizing Religion: The Impact of Protestant Evangelism on Economic Outcomes}},
  author={Bryan, Gharad T. and Choi, James J. and Karlan, Dean},
  year={2018},
  journal={NBER Working Paper No.\ 24278}
}

@article{Bryan2010,
    title={{Commitment Devices}},
    author={Bryan, Gharad and Karlan, Dean and Nelson, Scott},
    journal={Annual Review of Economics},
    volume={2},
    pages={671--698},
    year = {2010}
}

@article{levin2010religion,
  title={{Religion and Mental Health: Theory and Research}},
  author={Levin, Jeff},
  journal={International Journal of Applied Psychoanalytic Studies},
  volume={7},
  number={2},
  pages={102--115},
  year={2010},
  publisher={Wiley Online Library}
}

@article{iyer2018religion,
  title={{Religion and Depression in Adolescence}},
  author={Fruehwirth, Jane Cooley and Iyer, Sriya and Zhang, Anwen},
  year={2019},
  journal = {Journal of Political Economy (forthcoming)},
  publisher={University of Chicago Press}
}

@article{bleakley2016shocking,
  author    = {Bleakley, Hoyt and Ferrie, Joseph},
  title     = {{Shocking Behavior: Random Wealth in Antebellum Georgia and Human Capital across Generations}},
  journal   = {Quarterly Journal of Economics},
  year      = {2016},
  volume    = {131},
  number    = {3},
  pages     = {1455--1495},
  publisher = {MIT Press},
}

@Article{international2013ilostat,
  author    = {{International Labour Office (ILO)}},
  title     = {{ILOSTAT Database}},
  year      = {2013},
  publisher = {ILO Geneva, Switzerland},
}

@Article{bursztyn2012schooling,
  author    = {Bursztyn, Leonardo and Coffman, Lucas C.},
  title     = {{The Schooling Decision: Family Preferences, Intergenerational Conflict, and Moral Hazard in the Brazilian Favelas}},
  journal   = {Journal of Political Economy},
  year      = {2012},
  volume    = {120},
  number    = {3},
  pages     = {359--397},
  publisher = {University of Chicago Press Chicago, IL},
}

@Article{jensen2010perceived,
  author    = {Jensen, Robert},
  title     = {{The (Perceived) Returns to Education and the Demand for Schooling}},
  journal   = {Quarterly Journal of Economics},
  year      = {2010},
  volume    = {125},
  number    = {2},
  pages     = {515--548},
  publisher = {MIT Press},
}

@article{alan2016ever,
  author = {Alan, Sule and Boneva, Teodora and Ertac, Seda},
  title  = {{Ever Failed, Try Again, Succeed Better: Results From a Randomized Educational Intervention on Grit}},
  journal = {mimeo},
  year   = {2018}
}

@Article{alan2018fostering,
  author  = {Alan, Sule and Ertac, Seda},
  title   = {{Fostering Patience in the Classroom: Results From a Randomized Educational Intervention}},
  volume = {126},
  number = {5},
  pages = {1865--1911},
  journal = {Journal of Political Economy},
  year    = {2018},
} 

@Article{finan2012vote,
  author    = {Finan, Frederico and Schechter, Laura},
  title     = {{Vote-Buying and Reciprocity}},
  journal   = {Econometrica},
  year      = {2012},
  volume    = {80},
  number    = {2},
  pages     = {863--881},
  publisher = {Wiley Online Library},
}

@article{chen2018impact,
  author = {Chen, Yuyu and Yang, David Y.},
  title  = {{The Impact of Media Censorship: 1984 or Brave New World?}},
  journal={mimeo},
  year   = {2018}
}

@article{dizon2018parents,
  author      = {Dizon-Ross, Rebecca},
  title       = {{Parents' Beliefs About Their Children's Academic Ability: Implications for Educational Investments}},
  journal={NBER Working Paper No.\ 24610},
  year        = {2018}
}



@article{mobarak2012selling,
  title={Selling formal insurance to the informally insured},
  author={Mobarak, Ahmed Mushfiq and Rosenzweig, Mark R},
  year={2012},
  publisher={Yale Economics Department Working Paper}
}

@article{gine2008patterns,
  title={Patterns of Rainfall Insurance Participation in Rural India.},
  author={Gin{\'e}, Xavier and Townsend, Robert and Vickery, James},
  journal={World Bank Economic Review},
  volume={22},
  number={3},
  year={2008}
}

@Comment{jabref-meta: databaseType:bibtex;}

biblio old.txt
Displaying biblio old.txt.
